product_id,date,sales_quantity,stock_level,price
PRD001,2024-05-31 23:31:13.767864,10,81,588.56
PRD001,2024-06-01 23:31:13.767864,11,28,610.1
PRD001,2024-06-02 23:31:13.767864,10,78,513.39
PRD001,2024-06-03 23:31:13.767864,6,26,595.69
PRD001,2024-06-04 23:31:13.767864,7,81,567.32
PRD001,2024-06-05 23:31:13.767864,7,79,513.39
PRD001,2024-06-06 23:31:13.767864,9,47,538.23
PRD001,2024-06-07 23:31:13.767864,7,69,556.91
PRD001,2024-06-08 23:31:13.767864,10,54,551.69
PRD001,2024-06-09 23:31:13.767864,12,60,587.16
PRD001,2024-06-10 23:31:13.767864,8,16,561.71
PRD001,2024-06-11 23:31:13.767864,7,57,617.88
PRD001,2024-06-12 23:31:13.767864,7,81,524.67
PRD001,2024-06-13 23:31:13.767864,6,62,524.87
PRD001,2024-06-14 23:31:13.767864,5,59,608.18
PRD001,2024-06-15 23:31:13.767864,14,72,537.56
PRD001,2024-06-16 23:31:13.767864,11,84,517.21
PRD001,2024-06-17 23:31:13.767864,7,85,549.84
PRD001,2024-06-18 23:31:13.767864,8,65,558.02
PRD001,2024-06-19 23:31:13.767864,9,21,511.41
PRD001,2024-06-20 23:31:13.767864,6,93,567.89
PRD001,2024-06-21 23:31:13.767864,11,33,586.95
PRD001,2024-06-22 23:31:13.767864,15,28,543.31
PRD001,2024-06-23 23:31:13.767864,13,14,609.11
PRD001,2024-06-24 23:31:13.767864,9,21,561.09
PRD001,2024-06-25 23:31:13.767864,10,37,604.62
PRD001,2024-06-26 23:31:13.767864,12,85,541.05
PRD001,2024-06-27 23:31:13.767864,10,26,592.76
PRD001,2024-06-28 23:31:13.767864,9,91,569.49
PRD001,2024-06-29 23:31:13.767864,16,18,530.61
PRD001,2024-06-30 23:31:13.767864,13,35,597.03
PRD001,2024-07-01 23:31:13.767864,9,86,520.38
PRD001,2024-07-02 23:31:13.767864,7,76,537.02
PRD001,2024-07-03 23:31:13.767864,9,66,603.74
PRD001,2024-07-04 23:31:13.767864,8,59,575.9
PRD001,2024-07-05 23:31:13.767864,4,47,534.52
PRD001,2024-07-06 23:31:13.767864,10,18,545.7
PRD001,2024-07-07 23:31:13.767864,12,87,576.24
PRD001,2024-07-08 23:31:13.767864,6,51,570.52
PRD001,2024-07-09 23:31:13.767864,9,58,517.15
PRD001,2024-07-10 23:31:13.767864,6,30,538.27
PRD001,2024-07-11 23:31:13.767864,8,82,548.48
PRD001,2024-07-12 23:31:13.767864,8,91,551.88
PRD001,2024-07-13 23:31:13.767864,14,53,605.51
PRD001,2024-07-14 23:31:13.767864,14,20,570.3
PRD001,2024-07-15 23:31:13.767864,8,32,588.72
PRD001,2024-07-16 23:31:13.767864,8,69,543.84
PRD001,2024-07-17 23:31:13.767864,7,40,563.18
PRD001,2024-07-18 23:31:13.767864,8,51,515.06
PRD001,2024-07-19 23:31:13.767864,8,32,528.44
PRD001,2024-07-20 23:31:13.767864,12,34,527.38
PRD001,2024-07-21 23:31:13.767864,8,41,548.17
PRD001,2024-07-22 23:31:13.767864,10,79,541.82
PRD001,2024-07-23 23:31:13.767864,4,21,606.1
PRD001,2024-07-24 23:31:13.767864,8,33,541.6
PRD001,2024-07-25 23:31:13.767864,11,30,577.48
PRD001,2024-07-26 23:31:13.767864,10,74,578.12
PRD001,2024-07-27 23:31:13.767864,19,30,529.87
PRD001,2024-07-28 23:31:13.767864,16,3,582.99
PRD001,2024-07-29 23:31:13.767864,8,14,506.24
PRD001,2024-07-30 23:31:13.767864,11,81,561.51
PRD001,2024-07-31 23:31:13.767864,10,69,568.03
PRD001,2024-08-01 23:31:13.767864,7,46,591.13
PRD001,2024-08-02 23:31:13.767864,7,65,559.69
PRD001,2024-08-03 23:31:13.767864,11,20,533.39
PRD001,2024-08-04 23:31:13.767864,13,16,524.71
PRD001,2024-08-05 23:31:13.767864,6,34,540.88
PRD001,2024-08-06 23:31:13.767864,5,26,584.66
PRD001,2024-08-07 23:31:13.767864,7,19,606.79
PRD001,2024-08-08 23:31:13.767864,10,89,574.62
PRD001,2024-08-09 23:31:13.767864,6,21,518.86
PRD001,2024-08-10 23:31:13.767864,9,63,511.81
PRD001,2024-08-11 23:31:13.767864,10,76,533.13
PRD001,2024-08-12 23:31:13.767864,7,79,546.86
PRD001,2024-08-13 23:31:13.767864,8,69,515.77
PRD001,2024-08-14 23:31:13.767864,7,84,613.63
PRD001,2024-08-15 23:31:13.767864,6,23,572.18
PRD001,2024-08-16 23:31:13.767864,8,75,529.53
PRD001,2024-08-17 23:31:13.767864,15,53,574.03
PRD001,2024-08-18 23:31:13.767864,13,22,528.31
PRD001,2024-08-19 23:31:13.767864,10,26,539.81
PRD001,2024-08-20 23:31:13.767864,8,72,556.1
PRD001,2024-08-21 23:31:13.767864,10,46,580.34
PRD001,2024-08-22 23:31:13.767864,8,73,524.62
PRD001,2024-08-23 23:31:13.767864,6,60,537.32
PRD001,2024-08-24 23:31:13.767864,15,50,508.52
PRD001,2024-08-25 23:31:13.767864,15,26,515.33
PRD001,2024-08-26 23:31:13.767864,12,60,602.42
PRD001,2024-08-27 23:31:13.767864,11,54,606.11
PRD001,2024-08-28 23:31:13.767864,9,66,582.6
PRD001,2024-08-29 23:31:13.767864,13,63,567.82
PRD001,2024-08-30 23:31:13.767864,8,85,535.44
PRD001,2024-08-31 23:31:13.767864,16,40,521.88
PRD001,2024-09-01 23:31:13.767864,10,30,615.76
PRD001,2024-09-02 23:31:13.767864,6,82,568.29
PRD001,2024-09-03 23:31:13.767864,8,61,559.66
PRD001,2024-09-04 23:31:13.767864,8,50,609.13
PRD001,2024-09-05 23:31:13.767864,9,11,603.05
PRD001,2024-09-06 23:31:13.767864,9,11,568.99
PRD001,2024-09-07 23:31:13.767864,13,77,550.24
PRD001,2024-09-08 23:31:13.767864,9,71,597.13
PRD001,2024-09-09 23:31:13.767864,6,55,557.04
PRD001,2024-09-10 23:31:13.767864,6,86,583.87
PRD001,2024-09-11 23:31:13.767864,6,32,519.52
PRD001,2024-09-12 23:31:13.767864,9,40,544.61
PRD001,2024-09-13 23:31:13.767864,7,76,594.29
PRD001,2024-09-14 23:31:13.767864,10,72,530.86
PRD001,2024-09-15 23:31:13.767864,12,15,521.03
PRD001,2024-09-16 23:31:13.767864,9,24,560.47
PRD001,2024-09-17 23:31:13.767864,8,69,530.25
PRD001,2024-09-18 23:31:13.767864,9,86,517.77
PRD001,2024-09-19 23:31:13.767864,5,50,599.1
PRD001,2024-09-20 23:31:13.767864,6,70,546.37
PRD001,2024-09-21 23:31:13.767864,10,31,589.34
PRD001,2024-09-22 23:31:13.767864,9,41,554.31
PRD001,2024-09-23 23:31:13.767864,8,68,583.87
PRD001,2024-09-24 23:31:13.767864,10,27,590.24
PRD001,2024-09-25 23:31:13.767864,13,57,529.25
PRD001,2024-09-26 23:31:13.767864,10,85,606.82
PRD001,2024-09-27 23:31:13.767864,9,28,587.35
PRD001,2024-09-28 23:31:13.767864,17,5,586.93
PRD001,2024-09-29 23:31:13.767864,17,9,524.15
PRD001,2024-09-30 23:31:13.767864,9,23,608.1
PRD001,2024-10-01 23:31:13.767864,8,50,608.18
PRD001,2024-10-02 23:31:13.767864,8,64,596.15
PRD001,2024-10-03 23:31:13.767864,7,17,529.07
PRD001,2024-10-04 23:31:13.767864,8,37,562.66
PRD001,2024-10-05 23:31:13.767864,9,58,585.95
PRD001,2024-10-06 23:31:13.767864,12,84,536.48
PRD001,2024-10-07 23:31:13.767864,4,21,560.84
PRD001,2024-10-08 23:31:13.767864,9,61,595.45
PRD001,2024-10-09 23:31:13.767864,9,84,547.69
PRD001,2024-10-10 23:31:13.767864,7,19,521.76
PRD001,2024-10-11 23:31:13.767864,8,62,560.13
PRD001,2024-10-12 23:31:13.767864,12,42,571.51
PRD001,2024-10-13 23:31:13.767864,11,40,556.24
PRD001,2024-10-14 23:31:13.767864,6,88,509.76
PRD001,2024-10-15 23:31:13.767864,6,25,554.86
PRD001,2024-10-16 23:31:13.767864,5,42,601.27
PRD001,2024-10-17 23:31:13.767864,10,52,612.29
PRD001,2024-10-18 23:31:13.767864,7,86,538.62
PRD001,2024-10-19 23:31:13.767864,10,28,516.51
PRD001,2024-10-20 23:31:13.767864,13,32,607.95
PRD001,2024-10-21 23:31:13.767864,8,66,607.99
PRD001,2024-10-22 23:31:13.767864,7,68,524.1
PRD001,2024-10-23 23:31:13.767864,7,26,587.38
PRD001,2024-10-24 23:31:13.767864,6,51,560.3
PRD001,2024-10-25 23:31:13.767864,7,75,603.55
PRD001,2024-10-26 23:31:13.767864,16,52,586.02
PRD001,2024-10-27 23:31:13.767864,20,10,543.74
PRD001,2024-10-28 23:31:13.767864,11,33,514.28
PRD001,2024-10-29 23:31:13.767864,11,17,513.86
PRD001,2024-10-30 23:31:13.767864,9,73,587.22
PRD001,2024-10-31 23:31:13.767864,10,84,506.61
PRD001,2024-11-01 23:31:13.767864,9,19,587.46
PRD001,2024-11-02 23:31:13.767864,11,19,536.17
PRD001,2024-11-03 23:31:13.767864,11,23,515.62
PRD001,2024-11-04 23:31:13.767864,10,66,520.16
PRD001,2024-11-05 23:31:13.767864,6,51,613.18
PRD001,2024-11-06 23:31:13.767864,8,77,605.51
PRD001,2024-11-07 23:31:13.767864,7,19,560.72
PRD001,2024-11-08 23:31:13.767864,6,35,592.19
PRD001,2024-11-09 23:31:13.767864,12,56,592.3
PRD001,2024-11-10 23:31:13.767864,12,26,566.22
PRD001,2024-11-11 23:31:13.767864,7,49,527.96
PRD001,2024-11-12 23:31:13.767864,6,24,557.56
PRD001,2024-11-13 23:31:13.767864,5,20,514.67
PRD001,2024-11-14 23:31:13.767864,6,45,610.68
PRD001,2024-11-15 23:31:13.767864,8,67,594.01
PRD001,2024-11-16 23:31:13.767864,9,31,506.56
PRD001,2024-11-17 23:31:13.767864,11,57,509.19
PRD001,2024-11-18 23:31:13.767864,6,20,557.14
PRD001,2024-11-19 23:31:13.767864,11,66,600.19
PRD001,2024-11-20 23:31:13.767864,7,53,551.28
PRD001,2024-11-21 23:31:13.767864,8,18,548.84
PRD001,2024-11-22 23:31:13.767864,8,14,567.56
PRD001,2024-11-23 23:31:13.767864,12,21,558.01
PRD001,2024-11-24 23:31:13.767864,10,74,618.06
PRD001,2024-11-25 23:31:13.767864,11,24,552.78
PRD001,2024-11-26 23:31:13.767864,11,55,614.58
PRD001,2024-11-27 23:31:13.767864,9,30,613.62
PRD001,2024-11-28 23:31:13.767864,10,40,607.26
PRD001,2024-11-29 23:31:13.767864,9,65,609.11
PRD001,2024-11-30 23:31:13.767864,13,52,548.19
PRD001,2024-12-01 23:31:13.767864,9,35,527.99
PRD001,2024-12-02 23:31:13.767864,7,26,563.46
PRD001,2024-12-03 23:31:13.767864,6,57,545.89
PRD001,2024-12-04 23:31:13.767864,9,37,611.3
PRD001,2024-12-05 23:31:13.767864,9,75,569.14
PRD001,2024-12-06 23:31:13.767864,9,14,557.04
PRD001,2024-12-07 23:31:13.767864,12,37,593.49
PRD001,2024-12-08 23:31:13.767864,9,60,610.62
PRD001,2024-12-09 23:31:13.767864,8,68,562.84
PRD001,2024-12-10 23:31:13.767864,8,54,571.24
PRD001,2024-12-11 23:31:13.767864,8,90,522.97
PRD001,2024-12-12 23:31:13.767864,5,86,598.21
PRD001,2024-12-13 23:31:13.767864,8,27,606.29
PRD001,2024-12-14 23:31:13.767864,13,40,570.23
PRD001,2024-12-15 23:31:13.767864,14,4,578.17
PRD001,2024-12-16 23:31:13.767864,8,15,519.64
PRD001,2024-12-17 23:31:13.767864,6,15,583.84
PRD001,2024-12-18 23:31:13.767864,6,35,592.31
PRD001,2024-12-19 23:31:13.767864,5,48,537.66
PRD001,2024-12-20 23:31:13.767864,8,32,506.91
PRD001,2024-12-21 23:31:13.767864,10,37,512.71
PRD001,2024-12-22 23:31:13.767864,12,38,533.1
PRD001,2024-12-23 23:31:13.767864,8,66,601.59
PRD001,2024-12-24 23:31:13.767864,9,24,593.22
PRD001,2024-12-25 23:31:13.767864,11,63,566.67
PRD001,2024-12-26 23:31:13.767864,11,65,587.84
PRD001,2024-12-27 23:31:13.767864,7,31,517.47
PRD001,2024-12-28 23:31:13.767864,12,59,589.6
PRD001,2024-12-29 23:31:13.767864,12,23,509.29
PRD001,2024-12-30 23:31:13.767864,11,84,601.94
PRD001,2024-12-31 23:31:13.767864,11,13,532.53
PRD001,2025-01-01 23:31:13.767864,5,39,581.49
PRD001,2025-01-02 23:31:13.767864,10,48,555.94
PRD001,2025-01-03 23:31:13.767864,7,76,581.64
PRD001,2025-01-04 23:31:13.767864,11,75,540.82
PRD001,2025-01-05 23:31:13.767864,14,7,594.1
PRD001,2025-01-06 23:31:13.767864,10,74,570.4
PRD001,2025-01-07 23:31:13.767864,11,52,561.11
PRD001,2025-01-08 23:31:13.767864,9,48,595.18
PRD001,2025-01-09 23:31:13.767864,8,23,551.57
PRD001,2025-01-10 23:31:13.767864,8,34,549.89
PRD001,2025-01-11 23:31:13.767864,11,51,521.7
PRD001,2025-01-12 23:31:13.767864,11,13,514.53
PRD001,2025-01-13 23:31:13.767864,7,82,523.1
PRD001,2025-01-14 23:31:13.767864,9,88,513.94
PRD001,2025-01-15 23:31:13.767864,6,88,605.92
PRD001,2025-01-16 23:31:13.767864,9,86,530.42
PRD001,2025-01-17 23:31:13.767864,7,76,582.28
PRD001,2025-01-18 23:31:13.767864,12,69,528.81
PRD001,2025-01-19 23:31:13.767864,12,41,546.65
PRD001,2025-01-20 23:31:13.767864,9,16,595.15
PRD001,2025-01-21 23:31:13.767864,5,59,588.21
PRD001,2025-01-22 23:31:13.767864,7,57,595.16
PRD001,2025-01-23 23:31:13.767864,6,43,584.6
PRD001,2025-01-24 23:31:13.767864,8,77,562.56
PRD001,2025-01-25 23:31:13.767864,16,64,564.6
PRD001,2025-01-26 23:31:13.767864,18,71,508.82
PRD001,2025-01-27 23:31:13.767864,9,65,510.12
PRD001,2025-01-28 23:31:13.767864,12,63,602.98
PRD001,2025-01-29 23:31:13.767864,6,87,606.83
PRD001,2025-01-30 23:31:13.767864,7,82,595.29
PRD001,2025-01-31 23:31:13.767864,12,44,565.12
PRD001,2025-02-01 23:31:13.767864,9,57,567.46
PRD001,2025-02-02 23:31:13.767864,11,45,536.4
PRD001,2025-02-03 23:31:13.767864,10,80,506.43
PRD001,2025-02-04 23:31:13.767864,11,57,589.4
PRD001,2025-02-05 23:31:13.767864,7,22,551.8
PRD001,2025-02-06 23:31:13.767864,5,83,521.64
PRD001,2025-02-07 23:31:13.767864,7,69,523.65
PRD001,2025-02-08 23:31:13.767864,9,79,602.49
PRD001,2025-02-09 23:31:13.767864,14,66,562.42
PRD001,2025-02-10 23:31:13.767864,5,72,516.42
PRD001,2025-02-11 23:31:13.767864,10,71,536.14
PRD001,2025-02-12 23:31:13.767864,5,81,515.19
PRD001,2025-02-13 23:31:13.767864,11,66,510.44
PRD001,2025-02-14 23:31:13.767864,9,84,561.35
PRD001,2025-02-15 23:31:13.767864,11,36,607.64
PRD001,2025-02-16 23:31:13.767864,12,50,597.14
PRD001,2025-02-17 23:31:13.767864,5,84,589.21
PRD001,2025-02-18 23:31:13.767864,7,85,526.93
PRD001,2025-02-19 23:31:13.767864,7,88,610.05
PRD001,2025-02-20 23:31:13.767864,8,58,588.83
PRD001,2025-02-21 23:31:13.767864,7,57,592.44
PRD001,2025-02-22 23:31:13.767864,10,53,607.48
PRD001,2025-02-23 23:31:13.767864,10,57,610.4
PRD001,2025-02-24 23:31:13.767864,6,74,525.8
PRD001,2025-02-25 23:31:13.767864,12,70,573.96
PRD001,2025-02-26 23:31:13.767864,10,70,507.98
PRD001,2025-02-27 23:31:13.767864,10,55,574.59
PRD001,2025-02-28 23:31:13.767864,11,80,534.08
PRD001,2025-03-01 23:31:13.767864,11,86,548.13
PRD001,2025-03-02 23:31:13.767864,12,53,564.29
PRD001,2025-03-03 23:31:13.767864,8,59,569.23
PRD001,2025-03-04 23:31:13.767864,7,37,557.8
PRD001,2025-03-05 23:31:13.767864,11,49,597.79
PRD001,2025-03-06 23:31:13.767864,6,28,588.91
PRD001,2025-03-07 23:31:13.767864,8,30,603.8
PRD001,2025-03-08 23:31:13.767864,13,20,536.75
PRD001,2025-03-09 23:31:13.767864,11,21,565.91
PRD001,2025-03-10 23:31:13.767864,10,79,506.08
PRD001,2025-03-11 23:31:13.767864,6,58,575.75
PRD001,2025-03-12 23:31:13.767864,8,79,539.33
PRD001,2025-03-13 23:31:13.767864,11,75,566.68
PRD001,2025-03-14 23:31:13.767864,4,20,593.92
PRD001,2025-03-15 23:31:13.767864,9,44,540.07
PRD001,2025-03-16 23:31:13.767864,14,34,508.59
PRD001,2025-03-17 23:31:13.767864,5,67,604.82
PRD001,2025-03-18 23:31:13.767864,11,17,548.41
PRD001,2025-03-19 23:31:13.767864,6,93,582.81
PRD001,2025-03-20 23:31:13.767864,8,58,551.06
PRD001,2025-03-21 23:31:13.767864,8,16,578.72
PRD001,2025-03-22 23:31:13.767864,14,13,615.43
PRD001,2025-03-23 23:31:13.767864,13,22,605.81
PRD001,2025-03-24 23:31:13.767864,6,28,524.81
PRD001,2025-03-25 23:31:13.767864,10,69,604.25
PRD001,2025-03-26 23:31:13.767864,13,79,586.92
PRD001,2025-03-27 23:31:13.767864,10,27,548.57
PRD001,2025-03-28 23:31:13.767864,13,57,557.9
PRD001,2025-03-29 23:31:13.767864,13,78,571.64
PRD001,2025-03-30 23:31:13.767864,12,38,608.48
PRD001,2025-03-31 23:31:13.767864,12,72,517.18
PRD001,2025-04-01 23:31:13.767864,7,26,586.36
PRD001,2025-04-02 23:31:13.767864,5,31,591.2
PRD001,2025-04-03 23:31:13.767864,8,25,556.69
PRD001,2025-04-04 23:31:13.767864,6,53,537.05
PRD001,2025-04-05 23:31:13.767864,15,12,591.37
PRD001,2025-04-06 23:31:13.767864,10,20,530.76
PRD001,2025-04-07 23:31:13.767864,8,28,595.21
PRD001,2025-04-08 23:31:13.767864,8,13,552.84
PRD001,2025-04-09 23:31:13.767864,6,85,606.77
PRD001,2025-04-10 23:31:13.767864,7,18,615.94
PRD001,2025-04-11 23:31:13.767864,8,43,618.1
PRD001,2025-04-12 23:31:13.767864,10,12,562.24
PRD001,2025-04-13 23:31:13.767864,11,25,553.21
PRD001,2025-04-14 23:31:13.767864,8,10,518.96
PRD001,2025-04-15 23:31:13.767864,7,22,591.1
PRD001,2025-04-16 23:31:13.767864,10,22,524.94
PRD001,2025-04-17 23:31:13.767864,11,34,524.07
PRD001,2025-04-18 23:31:13.767864,5,48,526.1
PRD001,2025-04-19 23:31:13.767864,9,66,542.69
PRD001,2025-04-20 23:31:13.767864,12,35,562.37
PRD001,2025-04-21 23:31:13.767864,9,36,531.96
PRD001,2025-04-22 23:31:13.767864,7,89,561.89
PRD001,2025-04-23 23:31:13.767864,7,32,606.76
PRD001,2025-04-24 23:31:13.767864,4,84,602.16
PRD001,2025-04-25 23:31:13.767864,9,57,571.92
PRD001,2025-04-26 23:31:13.767864,15,7,520.33
PRD001,2025-04-27 23:31:13.767864,18,53,567.5
PRD001,2025-04-28 23:31:13.767864,13,71,556.01
PRD001,2025-04-29 23:31:13.767864,13,37,553.54
PRD001,2025-04-30 23:31:13.767864,12,32,577.47
PRD001,2025-05-01 23:31:13.767864,6,62,611.08
PRD001,2025-05-02 23:31:13.767864,9,67,586.37
PRD001,2025-05-03 23:31:13.767864,11,33,543.39
PRD001,2025-05-04 23:31:13.767864,11,19,586.93
PRD001,2025-05-05 23:31:13.767864,6,50,547.07
PRD001,2025-05-06 23:31:13.767864,7,90,525.29
PRD001,2025-05-07 23:31:13.767864,7,44,614.57
PRD001,2025-05-08 23:31:13.767864,8,24,585.72
PRD001,2025-05-09 23:31:13.767864,6,28,548.56
PRD001,2025-05-10 23:31:13.767864,9,40,609.68
PRD001,2025-05-11 23:31:13.767864,15,24,538.73
PRD001,2025-05-12 23:31:13.767864,7,59,605.99
PRD001,2025-05-13 23:31:13.767864,10,53,616.92
PRD001,2025-05-14 23:31:13.767864,10,57,597.37
PRD001,2025-05-15 23:31:13.767864,8,76,530.56
PRD001,2025-05-16 23:31:13.767864,4,87,568.34
PRD001,2025-05-17 23:31:13.767864,12,56,511.64
PRD001,2025-05-18 23:31:13.767864,10,85,586.71
PRD001,2025-05-19 23:31:13.767864,9,64,603.93
PRD001,2025-05-20 23:31:13.767864,7,83,513.47
PRD001,2025-05-21 23:31:13.767864,9,18,556.29
PRD001,2025-05-22 23:31:13.767864,8,87,550.05
PRD001,2025-05-23 23:31:13.767864,6,51,526.02
PRD001,2025-05-24 23:31:13.767864,9,65,528.85
PRD001,2025-05-25 23:31:13.767864,10,80,515.79
PRD001,2025-05-26 23:31:13.767864,11,31,559.46
PRD001,2025-05-27 23:31:13.767864,9,36,604.76
PRD001,2025-05-28 23:31:13.767864,13,7,604.94
PRD001,2025-05-29 23:31:13.767864,10,24,594.05
PRD001,2025-05-30 23:31:13.767864,11,81,549.01
PRD001,2025-05-31 23:31:13.767864,16,67,554.77
PRD002,2024-05-31 23:31:13.767864,7,43,520.16
PRD002,2024-06-01 23:31:13.767864,8,41,574.03
PRD002,2024-06-02 23:31:13.767864,9,72,572.08
PRD002,2024-06-03 23:31:13.767864,2,67,553.62
PRD002,2024-06-04 23:31:13.767864,6,19,542.94
PRD002,2024-06-05 23:31:13.767864,3,34,565.39
PRD002,2024-06-06 23:31:13.767864,5,21,534.68
PRD002,2024-06-07 23:31:13.767864,6,80,500.36
PRD002,2024-06-08 23:31:13.767864,8,80,558.61
PRD002,2024-06-09 23:31:13.767864,8,81,510.07
PRD002,2024-06-10 23:31:13.767864,2,33,555.02
PRD002,2024-06-11 23:31:13.767864,3,64,506.4
PRD002,2024-06-12 23:31:13.767864,2,66,550.61
PRD002,2024-06-13 23:31:13.767864,2,67,537.21
PRD002,2024-06-14 23:31:13.767864,4,76,531.8
PRD002,2024-06-15 23:31:13.767864,7,17,548.7
PRD002,2024-06-16 23:31:13.767864,7,20,547.58
PRD002,2024-06-17 23:31:13.767864,5,59,572.64
PRD002,2024-06-18 23:31:13.767864,4,35,562.04
PRD002,2024-06-19 23:31:13.767864,3,93,510.78
PRD002,2024-06-20 23:31:13.767864,4,79,503.57
PRD002,2024-06-21 23:31:13.767864,6,47,564.12
PRD002,2024-06-22 23:31:13.767864,9,25,575.24
PRD002,2024-06-23 23:31:13.767864,8,81,502.75
PRD002,2024-06-24 23:31:13.767864,6,70,582.26
PRD002,2024-06-25 23:31:13.767864,3,28,498.5
PRD002,2024-06-26 23:31:13.767864,7,56,583.55
PRD002,2024-06-27 23:31:13.767864,4,60,508.11
PRD002,2024-06-28 23:31:13.767864,9,59,598.68
PRD002,2024-06-29 23:31:13.767864,10,70,588.11
PRD002,2024-06-30 23:31:13.767864,10,60,534.55
PRD002,2024-07-01 23:31:13.767864,5,22,498.9
PRD002,2024-07-02 23:31:13.767864,5,32,515.05
PRD002,2024-07-03 23:31:13.767864,5,36,540.17
PRD002,2024-07-04 23:31:13.767864,4,75,495.58
PRD002,2024-07-05 23:31:13.767864,3,29,549.38
PRD002,2024-07-06 23:31:13.767864,7,68,572.32
PRD002,2024-07-07 23:31:13.767864,6,94,572.53
PRD002,2024-07-08 23:31:13.767864,4,71,565.35
PRD002,2024-07-09 23:31:13.767864,3,37,568.25
PRD002,2024-07-10 23:31:13.767864,6,87,576.39
PRD002,2024-07-11 23:31:13.767864,7,26,545.12
PRD002,2024-07-12 23:31:13.767864,5,16,555.5
PRD002,2024-07-13 23:31:13.767864,6,77,563.03
PRD002,2024-07-14 23:31:13.767864,8,21,557.02
PRD002,2024-07-15 23:31:13.767864,7,28,490.85
PRD002,2024-07-16 23:31:13.767864,5,47,523.64
PRD002,2024-07-17 23:31:13.767864,3,31,591.01
PRD002,2024-07-18 23:31:13.767864,4,66,577.45
PRD002,2024-07-19 23:31:13.767864,7,62,543.39
PRD002,2024-07-20 23:31:13.767864,8,92,591.17
PRD002,2024-07-21 23:31:13.767864,9,68,580.11
PRD002,2024-07-22 23:31:13.767864,3,75,540.41
PRD002,2024-07-23 23:31:13.767864,3,22,564.89
PRD002,2024-07-24 23:31:13.767864,2,58,582.21
PRD002,2024-07-25 23:31:13.767864,6,14,544.45
PRD002,2024-07-26 23:31:13.767864,5,18,506.81
PRD002,2024-07-27 23:31:13.767864,10,79,553.84
PRD002,2024-07-28 23:31:13.767864,8,20,540.61
PRD002,2024-07-29 23:31:13.767864,3,72,578.64
PRD002,2024-07-30 23:31:13.767864,7,43,505.68
PRD002,2024-07-31 23:31:13.767864,9,20,592.66
PRD002,2024-08-01 23:31:13.767864,7,24,554.99
PRD002,2024-08-02 23:31:13.767864,3,61,513.38
PRD002,2024-08-03 23:31:13.767864,6,60,493.55
PRD002,2024-08-04 23:31:13.767864,7,72,492.04
PRD002,2024-08-05 23:31:13.767864,4,44,509.91
PRD002,2024-08-06 23:31:13.767864,3,65,553.15
PRD002,2024-08-07 23:31:13.767864,6,93,499.77
PRD002,2024-08-08 23:31:13.767864,5,61,535.31
PRD002,2024-08-09 23:31:13.767864,7,78,585.64
PRD002,2024-08-10 23:31:13.767864,7,82,584.95
PRD002,2024-08-11 23:31:13.767864,6,16,541.72
PRD002,2024-08-12 23:31:13.767864,7,72,508.0
PRD002,2024-08-13 23:31:13.767864,4,31,595.05
PRD002,2024-08-14 23:31:13.767864,4,76,587.65
PRD002,2024-08-15 23:31:13.767864,3,21,525.43
PRD002,2024-08-16 23:31:13.767864,5,24,536.09
PRD002,2024-08-17 23:31:13.767864,6,28,509.94
PRD002,2024-08-18 23:31:13.767864,9,90,494.85
PRD002,2024-08-19 23:31:13.767864,5,91,563.19
PRD002,2024-08-20 23:31:13.767864,4,30,598.53
PRD002,2024-08-21 23:31:13.767864,5,72,581.64
PRD002,2024-08-22 23:31:13.767864,5,50,546.79
PRD002,2024-08-23 23:31:13.767864,5,95,594.2
PRD002,2024-08-24 23:31:13.767864,6,61,499.71
PRD002,2024-08-25 23:31:13.767864,12,59,594.7
PRD002,2024-08-26 23:31:13.767864,3,44,514.85
PRD002,2024-08-27 23:31:13.767864,5,78,539.33
PRD002,2024-08-28 23:31:13.767864,5,46,527.16
PRD002,2024-08-29 23:31:13.767864,7,53,545.89
PRD002,2024-08-30 23:31:13.767864,5,49,493.48
PRD002,2024-08-31 23:31:13.767864,10,55,543.82
PRD002,2024-09-01 23:31:13.767864,7,80,560.04
PRD002,2024-09-02 23:31:13.767864,2,24,591.85
PRD002,2024-09-03 23:31:13.767864,6,34,493.19
PRD002,2024-09-04 23:31:13.767864,7,71,573.6
PRD002,2024-09-05 23:31:13.767864,3,58,524.45
PRD002,2024-09-06 23:31:13.767864,4,76,579.06
PRD002,2024-09-07 23:31:13.767864,6,66,566.05
PRD002,2024-09-08 23:31:13.767864,6,90,526.19
PRD002,2024-09-09 23:31:13.767864,5,32,570.26
PRD002,2024-09-10 23:31:13.767864,3,79,537.42
PRD002,2024-09-11 23:31:13.767864,3,55,549.53
PRD002,2024-09-12 23:31:13.767864,5,30,590.2
PRD002,2024-09-13 23:31:13.767864,4,78,554.82
PRD002,2024-09-14 23:31:13.767864,8,21,538.65
PRD002,2024-09-15 23:31:13.767864,5,24,519.11
PRD002,2024-09-16 23:31:13.767864,2,80,566.7
PRD002,2024-09-17 23:31:13.767864,6,10,522.99
PRD002,2024-09-18 23:31:13.767864,5,73,541.56
PRD002,2024-09-19 23:31:13.767864,2,91,552.82
PRD002,2024-09-20 23:31:13.767864,6,32,595.38
PRD002,2024-09-21 23:31:13.767864,9,55,586.74
PRD002,2024-09-22 23:31:13.767864,4,58,551.61
PRD002,2024-09-23 23:31:13.767864,6,53,553.64
PRD002,2024-09-24 23:31:13.767864,6,30,532.24
PRD002,2024-09-25 23:31:13.767864,9,26,491.9
PRD002,2024-09-26 23:31:13.767864,7,67,500.2
PRD002,2024-09-27 23:31:13.767864,4,76,531.33
PRD002,2024-09-28 23:31:13.767864,8,47,546.29
PRD002,2024-09-29 23:31:13.767864,8,70,496.17
PRD002,2024-09-30 23:31:13.767864,6,90,537.97
PRD002,2024-10-01 23:31:13.767864,6,52,579.88
PRD002,2024-10-02 23:31:13.767864,5,72,521.61
PRD002,2024-10-03 23:31:13.767864,2,40,585.81
PRD002,2024-10-04 23:31:13.767864,3,44,576.66
PRD002,2024-10-05 23:31:13.767864,8,12,510.82
PRD002,2024-10-06 23:31:13.767864,5,44,534.45
PRD002,2024-10-07 23:31:13.767864,6,14,531.3
PRD002,2024-10-08 23:31:13.767864,2,27,535.53
PRD002,2024-10-09 23:31:13.767864,6,92,598.83
PRD002,2024-10-10 23:31:13.767864,6,16,550.44
PRD002,2024-10-11 23:31:13.767864,5,54,548.07
PRD002,2024-10-12 23:31:13.767864,7,24,595.55
PRD002,2024-10-13 23:31:13.767864,6,63,541.23
PRD002,2024-10-14 23:31:13.767864,3,21,561.42
PRD002,2024-10-15 23:31:13.767864,4,63,508.96
PRD002,2024-10-16 23:31:13.767864,4,26,593.02
PRD002,2024-10-17 23:31:13.767864,5,56,586.72
PRD002,2024-10-18 23:31:13.767864,2,51,497.79
PRD002,2024-10-19 23:31:13.767864,8,41,551.49
PRD002,2024-10-20 23:31:13.767864,8,13,507.87
PRD002,2024-10-21 23:31:13.767864,6,90,539.61
PRD002,2024-10-22 23:31:13.767864,5,21,550.54
PRD002,2024-10-23 23:31:13.767864,3,95,504.5
PRD002,2024-10-24 23:31:13.767864,3,52,569.99
PRD002,2024-10-25 23:31:13.767864,7,72,545.93
PRD002,2024-10-26 23:31:13.767864,8,34,525.69
PRD002,2024-10-27 23:31:13.767864,9,33,543.97
PRD002,2024-10-28 23:31:13.767864,8,18,502.06
PRD002,2024-10-29 23:31:13.767864,7,90,503.87
PRD002,2024-10-30 23:31:13.767864,6,88,527.8
PRD002,2024-10-31 23:31:13.767864,5,87,504.39
PRD002,2024-11-01 23:31:13.767864,4,79,573.18
PRD002,2024-11-02 23:31:13.767864,9,22,564.55
PRD002,2024-11-03 23:31:13.767864,8,43,562.45
PRD002,2024-11-04 23:31:13.767864,6,55,556.03
PRD002,2024-11-05 23:31:13.767864,4,43,503.64
PRD002,2024-11-06 23:31:13.767864,5,32,509.3
PRD002,2024-11-07 23:31:13.767864,4,82,588.61
PRD002,2024-11-08 23:31:13.767864,5,68,527.1
PRD002,2024-11-09 23:31:13.767864,9,16,575.01
PRD002,2024-11-10 23:31:13.767864,9,27,524.97
PRD002,2024-11-11 23:31:13.767864,4,60,496.65
PRD002,2024-11-12 23:31:13.767864,6,53,536.98
PRD002,2024-11-13 23:31:13.767864,5,54,598.7
PRD002,2024-11-14 23:31:13.767864,7,41,599.46
PRD002,2024-11-15 23:31:13.767864,6,18,574.82
PRD002,2024-11-16 23:31:13.767864,9,86,587.09
PRD002,2024-11-17 23:31:13.767864,7,29,540.37
PRD002,2024-11-18 23:31:13.767864,2,55,593.81
PRD002,2024-11-19 23:31:13.767864,6,71,536.76
PRD002,2024-11-20 23:31:13.767864,5,16,508.92
PRD002,2024-11-21 23:31:13.767864,3,29,533.67
PRD002,2024-11-22 23:31:13.767864,6,47,545.17
PRD002,2024-11-23 23:31:13.767864,10,52,579.35
PRD002,2024-11-24 23:31:13.767864,4,27,599.68
PRD002,2024-11-25 23:31:13.767864,5,94,546.11
PRD002,2024-11-26 23:31:13.767864,7,87,496.9
PRD002,2024-11-27 23:31:13.767864,4,42,537.21
PRD002,2024-11-28 23:31:13.767864,5,22,521.21
PRD002,2024-11-29 23:31:13.767864,7,30,499.36
PRD002,2024-11-30 23:31:13.767864,6,32,513.29
PRD002,2024-12-01 23:31:13.767864,6,39,583.66
PRD002,2024-12-02 23:31:13.767864,3,84,547.25
PRD002,2024-12-03 23:31:13.767864,2,73,512.96
PRD002,2024-12-04 23:31:13.767864,7,32,553.49
PRD002,2024-12-05 23:31:13.767864,5,70,536.83
PRD002,2024-12-06 23:31:13.767864,3,58,587.71
PRD002,2024-12-07 23:31:13.767864,7,23,560.37
PRD002,2024-12-08 23:31:13.767864,7,16,561.71
PRD002,2024-12-09 23:31:13.767864,6,34,515.19
PRD002,2024-12-10 23:31:13.767864,5,17,594.13
PRD002,2024-12-11 23:31:13.767864,5,84,496.82
PRD002,2024-12-12 23:31:13.767864,6,22,588.94
PRD002,2024-12-13 23:31:13.767864,6,13,513.09
PRD002,2024-12-14 23:31:13.767864,7,68,514.86
PRD002,2024-12-15 23:31:13.767864,9,17,550.03
PRD002,2024-12-16 23:31:13.767864,5,54,544.33
PRD002,2024-12-17 23:31:13.767864,5,30,495.62
PRD002,2024-12-18 23:31:13.767864,3,20,515.14
PRD002,2024-12-19 23:31:13.767864,6,32,570.96
PRD002,2024-12-20 23:31:13.767864,4,24,499.77
PRD002,2024-12-21 23:31:13.767864,5,58,528.5
PRD002,2024-12-22 23:31:13.767864,8,29,546.87
PRD002,2024-12-23 23:31:13.767864,4,26,524.32
PRD002,2024-12-24 23:31:13.767864,3,41,567.24
PRD002,2024-12-25 23:31:13.767864,6,50,523.64
PRD002,2024-12-26 23:31:13.767864,9,49,573.94
PRD002,2024-12-27 23:31:13.767864,5,57,586.94
PRD002,2024-12-28 23:31:13.767864,8,75,529.96
PRD002,2024-12-29 23:31:13.767864,11,74,551.03
PRD002,2024-12-30 23:31:13.767864,6,76,498.8
PRD002,2024-12-31 23:31:13.767864,4,74,573.23
PRD002,2025-01-01 23:31:13.767864,6,50,568.39
PRD002,2025-01-02 23:31:13.767864,5,36,537.13
PRD002,2025-01-03 23:31:13.767864,5,43,548.47
PRD002,2025-01-04 23:31:13.767864,9,32,494.43
PRD002,2025-01-05 23:31:13.767864,5,23,513.35
PRD002,2025-01-06 23:31:13.767864,5,26,519.93
PRD002,2025-01-07 23:31:13.767864,2,57,577.48
PRD002,2025-01-08 23:31:13.767864,5,88,580.59
PRD002,2025-01-09 23:31:13.767864,4,31,514.06
PRD002,2025-01-10 23:31:13.767864,2,32,532.13
PRD002,2025-01-11 23:31:13.767864,5,45,564.95
PRD002,2025-01-12 23:31:13.767864,8,24,578.56
PRD002,2025-01-13 23:31:13.767864,4,53,512.5
PRD002,2025-01-14 23:31:13.767864,5,31,527.46
PRD002,2025-01-15 23:31:13.767864,3,25,528.09
PRD002,2025-01-16 23:31:13.767864,5,38,573.22
PRD002,2025-01-17 23:31:13.767864,5,29,512.94
PRD002,2025-01-18 23:31:13.767864,7,53,580.11
PRD002,2025-01-19 23:31:13.767864,4,76,541.27
PRD002,2025-01-20 23:31:13.767864,3,32,553.16
PRD002,2025-01-21 23:31:13.767864,7,50,582.93
PRD002,2025-01-22 23:31:13.767864,5,25,520.3
PRD002,2025-01-23 23:31:13.767864,3,23,560.11
PRD002,2025-01-24 23:31:13.767864,5,67,495.72
PRD002,2025-01-25 23:31:13.767864,10,18,564.84
PRD002,2025-01-26 23:31:13.767864,6,52,538.99
PRD002,2025-01-27 23:31:13.767864,7,17,542.6
PRD002,2025-01-28 23:31:13.767864,7,34,588.06
PRD002,2025-01-29 23:31:13.767864,5,56,560.2
PRD002,2025-01-30 23:31:13.767864,7,15,528.84
PRD002,2025-01-31 23:31:13.767864,4,80,570.72
PRD002,2025-02-01 23:31:13.767864,10,38,548.61
PRD002,2025-02-02 23:31:13.767864,8,39,548.51
PRD002,2025-02-03 23:31:13.767864,5,47,506.36
PRD002,2025-02-04 23:31:13.767864,7,83,562.81
PRD002,2025-02-05 23:31:13.767864,5,55,529.8
PRD002,2025-02-06 23:31:13.767864,4,44,491.19
PRD002,2025-02-07 23:31:13.767864,7,16,505.78
PRD002,2025-02-08 23:31:13.767864,8,86,506.39
PRD002,2025-02-09 23:31:13.767864,8,55,503.37
PRD002,2025-02-10 23:31:13.767864,6,77,521.14
PRD002,2025-02-11 23:31:13.767864,4,66,551.1
PRD002,2025-02-12 23:31:13.767864,3,61,550.37
PRD002,2025-02-13 23:31:13.767864,6,18,492.01
PRD002,2025-02-14 23:31:13.767864,6,76,557.75
PRD002,2025-02-15 23:31:13.767864,7,28,522.28
PRD002,2025-02-16 23:31:13.767864,8,70,597.49
PRD002,2025-02-17 23:31:13.767864,4,18,596.93
PRD002,2025-02-18 23:31:13.767864,5,60,521.65
PRD002,2025-02-19 23:31:13.767864,7,53,590.76
PRD002,2025-02-20 23:31:13.767864,7,65,593.14
PRD002,2025-02-21 23:31:13.767864,7,28,534.66
PRD002,2025-02-22 23:31:13.767864,7,43,493.26
PRD002,2025-02-23 23:31:13.767864,8,49,557.79
PRD002,2025-02-24 23:31:13.767864,2,62,568.33
PRD002,2025-02-25 23:31:13.767864,5,55,532.95
PRD002,2025-02-26 23:31:13.767864,9,65,543.62
PRD002,2025-02-27 23:31:13.767864,3,92,491.88
PRD002,2025-02-28 23:31:13.767864,8,73,541.3
PRD002,2025-03-01 23:31:13.767864,7,49,598.92
PRD002,2025-03-02 23:31:13.767864,8,30,560.15
PRD002,2025-03-03 23:31:13.767864,5,45,555.6
PRD002,2025-03-04 23:31:13.767864,5,87,583.13
PRD002,2025-03-05 23:31:13.767864,3,19,494.25
PRD002,2025-03-06 23:31:13.767864,3,31,537.61
PRD002,2025-03-07 23:31:13.767864,6,27,574.76
PRD002,2025-03-08 23:31:13.767864,10,38,507.87
PRD002,2025-03-09 23:31:13.767864,6,32,530.46
PRD002,2025-03-10 23:31:13.767864,3,38,508.24
PRD002,2025-03-11 23:31:13.767864,2,42,495.88
PRD002,2025-03-12 23:31:13.767864,6,44,533.37
PRD002,2025-03-13 23:31:13.767864,3,75,569.13
PRD002,2025-03-14 23:31:13.767864,3,84,551.44
PRD002,2025-03-15 23:31:13.767864,9,80,579.19
PRD002,2025-03-16 23:31:13.767864,5,39,525.73
PRD002,2025-03-17 23:31:13.767864,4,26,520.82
PRD002,2025-03-18 23:31:13.767864,2,49,527.53
PRD002,2025-03-19 23:31:13.767864,5,75,509.38
PRD002,2025-03-20 23:31:13.767864,4,72,571.22
PRD002,2025-03-21 23:31:13.767864,3,78,576.79
PRD002,2025-03-22 23:31:13.767864,7,60,508.27
PRD002,2025-03-23 23:31:13.767864,4,93,578.1
PRD002,2025-03-24 23:31:13.767864,4,48,559.35
PRD002,2025-03-25 23:31:13.767864,5,20,597.58
PRD002,2025-03-26 23:31:13.767864,3,78,497.48
PRD002,2025-03-27 23:31:13.767864,6,58,530.79
PRD002,2025-03-28 23:31:13.767864,9,17,495.17
PRD002,2025-03-29 23:31:13.767864,11,37,585.67
PRD002,2025-03-30 23:31:13.767864,8,24,549.43
PRD002,2025-03-31 23:31:13.767864,7,85,567.22
PRD002,2025-04-01 23:31:13.767864,4,46,582.91
PRD002,2025-04-02 23:31:13.767864,4,33,505.28
PRD002,2025-04-03 23:31:13.767864,6,21,518.33
PRD002,2025-04-04 23:31:13.767864,6,60,593.7
PRD002,2025-04-05 23:31:13.767864,8,15,595.25
PRD002,2025-04-06 23:31:13.767864,8,55,542.21
PRD002,2025-04-07 23:31:13.767864,5,83,508.38
PRD002,2025-04-08 23:31:13.767864,6,68,586.53
PRD002,2025-04-09 23:31:13.767864,5,14,563.51
PRD002,2025-04-10 23:31:13.767864,2,32,497.52
PRD002,2025-04-11 23:31:13.767864,7,45,549.64
PRD002,2025-04-12 23:31:13.767864,5,27,573.66
PRD002,2025-04-13 23:31:13.767864,10,16,500.33
PRD002,2025-04-14 23:31:13.767864,6,79,504.32
PRD002,2025-04-15 23:31:13.767864,4,30,576.45
PRD002,2025-04-16 23:31:13.767864,4,25,557.82
PRD002,2025-04-17 23:31:13.767864,3,79,570.4
PRD002,2025-04-18 23:31:13.767864,3,59,517.77
PRD002,2025-04-19 23:31:13.767864,6,56,591.3
PRD002,2025-04-20 23:31:13.767864,5,95,535.25
PRD002,2025-04-21 23:31:13.767864,3,84,501.32
PRD002,2025-04-22 23:31:13.767864,6,85,585.35
PRD002,2025-04-23 23:31:13.767864,6,73,527.76
PRD002,2025-04-24 23:31:13.767864,4,37,519.93
PRD002,2025-04-25 23:31:13.767864,5,81,531.4
PRD002,2025-04-26 23:31:13.767864,8,25,562.48
PRD002,2025-04-27 23:31:13.767864,7,91,586.86
PRD002,2025-04-28 23:31:13.767864,6,59,535.16
PRD002,2025-04-29 23:31:13.767864,8,82,562.47
PRD002,2025-04-30 23:31:13.767864,5,41,516.44
PRD002,2025-05-01 23:31:13.767864,3,29,572.07
PRD002,2025-05-02 23:31:13.767864,6,51,539.06
PRD002,2025-05-03 23:31:13.767864,6,30,582.6
PRD002,2025-05-04 23:31:13.767864,6,53,562.7
PRD002,2025-05-05 23:31:13.767864,6,59,564.91
PRD002,2025-05-06 23:31:13.767864,6,76,513.23
PRD002,2025-05-07 23:31:13.767864,4,67,589.16
PRD002,2025-05-08 23:31:13.767864,5,49,540.83
PRD002,2025-05-09 23:31:13.767864,3,43,502.22
PRD002,2025-05-10 23:31:13.767864,7,86,526.45
PRD002,2025-05-11 23:31:13.767864,5,46,548.92
PRD002,2025-05-12 23:31:13.767864,6,19,505.9
PRD002,2025-05-13 23:31:13.767864,4,65,597.82
PRD002,2025-05-14 23:31:13.767864,3,49,497.21
PRD002,2025-05-15 23:31:13.767864,6,26,598.74
PRD002,2025-05-16 23:31:13.767864,4,78,573.65
PRD002,2025-05-17 23:31:13.767864,4,80,564.69
PRD002,2025-05-18 23:31:13.767864,6,83,555.92
PRD002,2025-05-19 23:31:13.767864,4,17,542.35
PRD002,2025-05-20 23:31:13.767864,6,74,498.58
PRD002,2025-05-21 23:31:13.767864,6,92,537.79
PRD002,2025-05-22 23:31:13.767864,5,89,592.39
PRD002,2025-05-23 23:31:13.767864,6,77,499.41
PRD002,2025-05-24 23:31:13.767864,9,26,509.38
PRD002,2025-05-25 23:31:13.767864,11,19,496.72
PRD002,2025-05-26 23:31:13.767864,9,25,510.37
PRD002,2025-05-27 23:31:13.767864,7,60,522.03
PRD002,2025-05-28 23:31:13.767864,4,63,585.86
PRD002,2025-05-29 23:31:13.767864,6,25,513.14
PRD002,2025-05-30 23:31:13.767864,6,55,510.0
PRD002,2025-05-31 23:31:13.767864,9,22,582.86
PRD003,2024-05-31 23:31:13.767864,7,37,1003.81
PRD003,2024-06-01 23:31:13.767864,7,62,892.06
PRD003,2024-06-02 23:31:13.767864,9,60,926.41
PRD003,2024-06-03 23:31:13.767864,3,28,1000.63
PRD003,2024-06-04 23:31:13.767864,5,80,1045.4
PRD003,2024-06-05 23:31:13.767864,6,58,940.08
PRD003,2024-06-06 23:31:13.767864,5,71,866.59
PRD003,2024-06-07 23:31:13.767864,7,25,1039.89
PRD003,2024-06-08 23:31:13.767864,6,71,925.52
PRD003,2024-06-09 23:31:13.767864,9,19,924.04
PRD003,2024-06-10 23:31:13.767864,2,51,889.34
PRD003,2024-06-11 23:31:13.767864,6,65,957.49
PRD003,2024-06-12 23:31:13.767864,2,47,956.14
PRD003,2024-06-13 23:31:13.767864,5,70,922.91
PRD003,2024-06-14 23:31:13.767864,4,16,859.34
PRD003,2024-06-15 23:31:13.767864,5,52,861.66
PRD003,2024-06-16 23:31:13.767864,7,30,911.59
PRD003,2024-06-17 23:31:13.767864,2,28,891.58
PRD003,2024-06-18 23:31:13.767864,6,75,861.58
PRD003,2024-06-19 23:31:13.767864,3,55,1035.77
PRD003,2024-06-20 23:31:13.767864,5,81,994.63
PRD003,2024-06-21 23:31:13.767864,2,34,923.69
PRD003,2024-06-22 23:31:13.767864,7,28,888.51
PRD003,2024-06-23 23:31:13.767864,9,17,882.12
PRD003,2024-06-24 23:31:13.767864,6,22,1013.67
PRD003,2024-06-25 23:31:13.767864,6,19,903.68
PRD003,2024-06-26 23:31:13.767864,9,14,896.62
PRD003,2024-06-27 23:31:13.767864,5,37,925.87
PRD003,2024-06-28 23:31:13.767864,7,32,970.35
PRD003,2024-06-29 23:31:13.767864,12,86,1011.45
PRD003,2024-06-30 23:31:13.767864,12,20,912.37
PRD003,2024-07-01 23:31:13.767864,3,34,1018.67
PRD003,2024-07-02 23:31:13.767864,3,58,899.14
PRD003,2024-07-03 23:31:13.767864,7,22,982.47
PRD003,2024-07-04 23:31:13.767864,5,45,980.21
PRD003,2024-07-05 23:31:13.767864,3,52,868.7
PRD003,2024-07-06 23:31:13.767864,10,12,960.37
PRD003,2024-07-07 23:31:13.767864,7,47,877.96
PRD003,2024-07-08 23:31:13.767864,6,18,1015.45
PRD003,2024-07-09 23:31:13.767864,5,51,860.24
PRD003,2024-07-10 23:31:13.767864,7,65,910.12
PRD003,2024-07-11 23:31:13.767864,5,37,1038.76
PRD003,2024-07-12 23:31:13.767864,3,32,1015.65
PRD003,2024-07-13 23:31:13.767864,8,74,904.26
PRD003,2024-07-14 23:31:13.767864,8,15,977.8
PRD003,2024-07-15 23:31:13.767864,3,45,884.43
PRD003,2024-07-16 23:31:13.767864,3,80,981.69
PRD003,2024-07-17 23:31:13.767864,3,19,980.27
PRD003,2024-07-18 23:31:13.767864,5,61,943.26
PRD003,2024-07-19 23:31:13.767864,6,30,931.44
PRD003,2024-07-20 23:31:13.767864,8,25,906.04
PRD003,2024-07-21 23:31:13.767864,9,38,999.57
PRD003,2024-07-22 23:31:13.767864,5,71,927.04
PRD003,2024-07-23 23:31:13.767864,2,64,886.18
PRD003,2024-07-24 23:31:13.767864,4,27,1037.99
PRD003,2024-07-25 23:31:13.767864,4,34,983.25
PRD003,2024-07-26 23:31:13.767864,6,43,981.14
PRD003,2024-07-27 23:31:13.767864,12,67,915.59
PRD003,2024-07-28 23:31:13.767864,6,19,1000.93
PRD003,2024-07-29 23:31:13.767864,9,78,989.44
PRD003,2024-07-30 23:31:13.767864,9,42,913.35
PRD003,2024-07-31 23:31:13.767864,6,20,948.46
PRD003,2024-08-01 23:31:13.767864,7,73,970.35
PRD003,2024-08-02 23:31:13.767864,7,74,926.19
PRD003,2024-08-03 23:31:13.767864,6,78,960.62
PRD003,2024-08-04 23:31:13.767864,10,21,1029.38
PRD003,2024-08-05 23:31:13.767864,4,24,1014.93
PRD003,2024-08-06 23:31:13.767864,5,55,935.6
PRD003,2024-08-07 23:31:13.767864,6,37,1002.03
PRD003,2024-08-08 23:31:13.767864,5,31,875.51
PRD003,2024-08-09 23:31:13.767864,5,69,918.88
PRD003,2024-08-10 23:31:13.767864,6,55,915.92
PRD003,2024-08-11 23:31:13.767864,5,46,1038.98
PRD003,2024-08-12 23:31:13.767864,7,79,1025.28
PRD003,2024-08-13 23:31:13.767864,4,16,962.46
PRD003,2024-08-14 23:31:13.767864,4,22,963.68
PRD003,2024-08-15 23:31:13.767864,5,32,876.55
PRD003,2024-08-16 23:31:13.767864,6,33,913.15
PRD003,2024-08-17 23:31:13.767864,7,37,1010.92
PRD003,2024-08-18 23:31:13.767864,5,72,893.68
PRD003,2024-08-19 23:31:13.767864,3,50,898.32
PRD003,2024-08-20 23:31:13.767864,3,62,1023.08
PRD003,2024-08-21 23:31:13.767864,2,24,888.35
PRD003,2024-08-22 23:31:13.767864,6,76,911.2
PRD003,2024-08-23 23:31:13.767864,2,38,977.2
PRD003,2024-08-24 23:31:13.767864,5,40,1042.06
PRD003,2024-08-25 23:31:13.767864,11,20,962.83
PRD003,2024-08-26 23:31:13.767864,5,52,901.88
PRD003,2024-08-27 23:31:13.767864,8,85,954.72
PRD003,2024-08-28 23:31:13.767864,7,28,953.65
PRD003,2024-08-29 23:31:13.767864,3,41,977.12
PRD003,2024-08-30 23:31:13.767864,7,33,1034.66
PRD003,2024-08-31 23:31:13.767864,8,35,993.92
PRD003,2024-09-01 23:31:13.767864,10,47,1023.88
PRD003,2024-09-02 23:31:13.767864,2,90,934.31
PRD003,2024-09-03 23:31:13.767864,2,36,925.76
PRD003,2024-09-04 23:31:13.767864,5,58,1019.06
PRD003,2024-09-05 23:31:13.767864,5,24,970.02
PRD003,2024-09-06 23:31:13.767864,4,72,911.16
PRD003,2024-09-07 23:31:13.767864,8,62,996.03
PRD003,2024-09-08 23:31:13.767864,4,48,912.49
PRD003,2024-09-09 23:31:13.767864,4,57,936.93
PRD003,2024-09-10 23:31:13.767864,6,54,918.48
PRD003,2024-09-11 23:31:13.767864,3,25,955.59
PRD003,2024-09-12 23:31:13.767864,6,76,1015.84
PRD003,2024-09-13 23:31:13.767864,2,22,958.85
PRD003,2024-09-14 23:31:13.767864,8,31,914.1
PRD003,2024-09-15 23:31:13.767864,5,60,874.5
PRD003,2024-09-16 23:31:13.767864,6,64,967.85
PRD003,2024-09-17 23:31:13.767864,5,88,961.03
PRD003,2024-09-18 23:31:13.767864,5,82,957.97
PRD003,2024-09-19 23:31:13.767864,6,46,875.62
PRD003,2024-09-20 23:31:13.767864,6,16,931.99
PRD003,2024-09-21 23:31:13.767864,5,16,1023.91
PRD003,2024-09-22 23:31:13.767864,4,32,963.91
PRD003,2024-09-23 23:31:13.767864,3,22,961.64
PRD003,2024-09-24 23:31:13.767864,3,73,873.2
PRD003,2024-09-25 23:31:13.767864,8,19,1047.92
PRD003,2024-09-26 23:31:13.767864,8,60,1035.54
PRD003,2024-09-27 23:31:13.767864,6,85,1043.48
PRD003,2024-09-28 23:31:13.767864,9,77,900.01
PRD003,2024-09-29 23:31:13.767864,12,86,966.81
PRD003,2024-09-30 23:31:13.767864,5,24,971.04
PRD003,2024-10-01 23:31:13.767864,2,30,1046.36
PRD003,2024-10-02 23:31:13.767864,5,67,993.18
PRD003,2024-10-03 23:31:13.767864,7,14,950.34
PRD003,2024-10-04 23:31:13.767864,6,70,1023.38
PRD003,2024-10-05 23:31:13.767864,6,73,1033.92
PRD003,2024-10-06 23:31:13.767864,4,31,972.49
PRD003,2024-10-07 23:31:13.767864,3,94,892.54
PRD003,2024-10-08 23:31:13.767864,6,71,876.82
PRD003,2024-10-09 23:31:13.767864,4,33,860.71
PRD003,2024-10-10 23:31:13.767864,4,95,917.2
PRD003,2024-10-11 23:31:13.767864,7,69,866.94
PRD003,2024-10-12 23:31:13.767864,4,30,1036.16
PRD003,2024-10-13 23:31:13.767864,6,87,1041.31
PRD003,2024-10-14 23:31:13.767864,3,17,916.44
PRD003,2024-10-15 23:31:13.767864,6,61,944.5
PRD003,2024-10-16 23:31:13.767864,6,87,1013.56
PRD003,2024-10-17 23:31:13.767864,2,56,868.87
PRD003,2024-10-18 23:31:13.767864,3,38,960.88
PRD003,2024-10-19 23:31:13.767864,6,42,959.7
PRD003,2024-10-20 23:31:13.767864,9,48,1026.74
PRD003,2024-10-21 23:31:13.767864,6,63,899.13
PRD003,2024-10-22 23:31:13.767864,5,19,932.49
PRD003,2024-10-23 23:31:13.767864,6,26,963.7
PRD003,2024-10-24 23:31:13.767864,7,22,876.81
PRD003,2024-10-25 23:31:13.767864,7,59,1019.58
PRD003,2024-10-26 23:31:13.767864,13,21,1016.38
PRD003,2024-10-27 23:31:13.767864,12,21,980.12
PRD003,2024-10-28 23:31:13.767864,3,29,885.33
PRD003,2024-10-29 23:31:13.767864,7,12,951.9
PRD003,2024-10-30 23:31:13.767864,7,18,975.8
PRD003,2024-10-31 23:31:13.767864,7,71,881.37
PRD003,2024-11-01 23:31:13.767864,4,20,900.18
PRD003,2024-11-02 23:31:13.767864,6,87,926.99
PRD003,2024-11-03 23:31:13.767864,10,10,1025.39
PRD003,2024-11-04 23:31:13.767864,5,18,953.85
PRD003,2024-11-05 23:31:13.767864,7,93,978.68
PRD003,2024-11-06 23:31:13.767864,5,27,1039.85
PRD003,2024-11-07 23:31:13.767864,5,35,925.19
PRD003,2024-11-08 23:31:13.767864,5,55,962.29
PRD003,2024-11-09 23:31:13.767864,10,51,949.75
PRD003,2024-11-10 23:31:13.767864,6,17,1024.16
PRD003,2024-11-11 23:31:13.767864,3,52,871.76
PRD003,2024-11-12 23:31:13.767864,6,44,993.07
PRD003,2024-11-13 23:31:13.767864,2,88,993.97
PRD003,2024-11-14 23:31:13.767864,4,58,973.8
PRD003,2024-11-15 23:31:13.767864,3,64,985.96
PRD003,2024-11-16 23:31:13.767864,9,62,1034.44
PRD003,2024-11-17 23:31:13.767864,5,17,882.38
PRD003,2024-11-18 23:31:13.767864,6,90,1018.99
PRD003,2024-11-19 23:31:13.767864,4,74,966.74
PRD003,2024-11-20 23:31:13.767864,6,52,871.1
PRD003,2024-11-21 23:31:13.767864,5,11,974.94
PRD003,2024-11-22 23:31:13.767864,4,69,857.9
PRD003,2024-11-23 23:31:13.767864,5,64,860.94
PRD003,2024-11-24 23:31:13.767864,9,65,887.92
PRD003,2024-11-25 23:31:13.767864,7,61,992.99
PRD003,2024-11-26 23:31:13.767864,6,43,864.67
PRD003,2024-11-27 23:31:13.767864,7,66,906.31
PRD003,2024-11-28 23:31:13.767864,3,29,959.22
PRD003,2024-11-29 23:31:13.767864,6,48,1008.15
PRD003,2024-11-30 23:31:13.767864,7,28,1041.46
PRD003,2024-12-01 23:31:13.767864,8,85,963.08
PRD003,2024-12-02 23:31:13.767864,3,56,859.56
PRD003,2024-12-03 23:31:13.767864,5,90,882.36
PRD003,2024-12-04 23:31:13.767864,5,14,916.37
PRD003,2024-12-05 23:31:13.767864,2,38,919.54
PRD003,2024-12-06 23:31:13.767864,5,65,1011.97
PRD003,2024-12-07 23:31:13.767864,6,69,1009.91
PRD003,2024-12-08 23:31:13.767864,8,12,940.26
PRD003,2024-12-09 23:31:13.767864,5,71,1002.72
PRD003,2024-12-10 23:31:13.767864,4,55,1005.08
PRD003,2024-12-11 23:31:13.767864,4,95,884.89
PRD003,2024-12-12 23:31:13.767864,5,52,895.14
PRD003,2024-12-13 23:31:13.767864,5,60,950.87
PRD003,2024-12-14 23:31:13.767864,8,12,1023.87
PRD003,2024-12-15 23:31:13.767864,8,73,865.53
PRD003,2024-12-16 23:31:13.767864,7,27,1043.15
PRD003,2024-12-17 23:31:13.767864,4,83,888.73
PRD003,2024-12-18 23:31:13.767864,5,67,891.12
PRD003,2024-12-19 23:31:13.767864,5,67,942.86
PRD003,2024-12-20 23:31:13.767864,6,48,878.28
PRD003,2024-12-21 23:31:13.767864,5,30,1024.85
PRD003,2024-12-22 23:31:13.767864,8,12,977.67
PRD003,2024-12-23 23:31:13.767864,6,88,1004.37
PRD003,2024-12-24 23:31:13.767864,5,77,859.89
PRD003,2024-12-25 23:31:13.767864,5,64,890.73
PRD003,2024-12-26 23:31:13.767864,3,59,879.0
PRD003,2024-12-27 23:31:13.767864,8,18,899.13
PRD003,2024-12-28 23:31:13.767864,13,71,922.42
PRD003,2024-12-29 23:31:13.767864,12,47,951.11
PRD003,2024-12-30 23:31:13.767864,5,18,926.58
PRD003,2024-12-31 23:31:13.767864,7,63,858.3
PRD003,2025-01-01 23:31:13.767864,5,50,895.42
PRD003,2025-01-02 23:31:13.767864,7,22,900.13
PRD003,2025-01-03 23:31:13.767864,3,90,907.39
PRD003,2025-01-04 23:31:13.767864,6,21,987.28
PRD003,2025-01-05 23:31:13.767864,6,14,1019.52
PRD003,2025-01-06 23:31:13.767864,6,71,908.53
PRD003,2025-01-07 23:31:13.767864,6,89,955.78
PRD003,2025-01-08 23:31:13.767864,6,71,982.1
PRD003,2025-01-09 23:31:13.767864,6,28,951.41
PRD003,2025-01-10 23:31:13.767864,6,36,937.43
PRD003,2025-01-11 23:31:13.767864,9,74,1012.89
PRD003,2025-01-12 23:31:13.767864,8,47,872.58
PRD003,2025-01-13 23:31:13.767864,6,52,869.23
PRD003,2025-01-14 23:31:13.767864,6,44,1045.38
PRD003,2025-01-15 23:31:13.767864,5,23,904.15
PRD003,2025-01-16 23:31:13.767864,6,65,985.36
PRD003,2025-01-17 23:31:13.767864,6,93,865.3
PRD003,2025-01-18 23:31:13.767864,9,80,953.05
PRD003,2025-01-19 23:31:13.767864,9,61,971.68
PRD003,2025-01-20 23:31:13.767864,3,72,1027.78
PRD003,2025-01-21 23:31:13.767864,4,59,886.43
PRD003,2025-01-22 23:31:13.767864,3,42,889.07
PRD003,2025-01-23 23:31:13.767864,3,59,955.55
PRD003,2025-01-24 23:31:13.767864,3,75,968.11
PRD003,2025-01-25 23:31:13.767864,10,11,990.25
PRD003,2025-01-26 23:31:13.767864,9,26,875.2
PRD003,2025-01-27 23:31:13.767864,3,77,957.32
PRD003,2025-01-28 23:31:13.767864,6,45,962.26
PRD003,2025-01-29 23:31:13.767864,9,27,1022.29
PRD003,2025-01-30 23:31:13.767864,7,73,929.62
PRD003,2025-01-31 23:31:13.767864,6,58,889.26
PRD003,2025-02-01 23:31:13.767864,10,23,976.11
PRD003,2025-02-02 23:31:13.767864,8,91,954.48
PRD003,2025-02-03 23:31:13.767864,4,55,993.03
PRD003,2025-02-04 23:31:13.767864,5,22,905.18
PRD003,2025-02-05 23:31:13.767864,2,17,931.02
PRD003,2025-02-06 23:31:13.767864,6,66,1021.73
PRD003,2025-02-07 23:31:13.767864,6,70,1028.53
PRD003,2025-02-08 23:31:13.767864,8,39,1026.82
PRD003,2025-02-09 23:31:13.767864,4,53,978.61
PRD003,2025-02-10 23:31:13.767864,2,69,971.94
PRD003,2025-02-11 23:31:13.767864,3,74,930.66
PRD003,2025-02-12 23:31:13.767864,7,85,1005.79
PRD003,2025-02-13 23:31:13.767864,4,26,994.04
PRD003,2025-02-14 23:31:13.767864,3,87,1047.56
PRD003,2025-02-15 23:31:13.767864,7,29,1022.95
PRD003,2025-02-16 23:31:13.767864,4,37,1005.11
PRD003,2025-02-17 23:31:13.767864,5,61,1021.38
PRD003,2025-02-18 23:31:13.767864,5,26,999.26
PRD003,2025-02-19 23:31:13.767864,7,22,901.62
PRD003,2025-02-20 23:31:13.767864,5,62,937.93
PRD003,2025-02-21 23:31:13.767864,3,34,858.85
PRD003,2025-02-22 23:31:13.767864,4,46,925.4
PRD003,2025-02-23 23:31:13.767864,8,92,1018.9
PRD003,2025-02-24 23:31:13.767864,2,23,907.36
PRD003,2025-02-25 23:31:13.767864,8,37,859.2
PRD003,2025-02-26 23:31:13.767864,6,20,857.75
PRD003,2025-02-27 23:31:13.767864,5,34,922.19
PRD003,2025-02-28 23:31:13.767864,5,39,1024.47
PRD003,2025-03-01 23:31:13.767864,9,23,1022.49
PRD003,2025-03-02 23:31:13.767864,10,55,967.71
PRD003,2025-03-03 23:31:13.767864,6,75,878.24
PRD003,2025-03-04 23:31:13.767864,5,80,859.55
PRD003,2025-03-05 23:31:13.767864,6,36,999.56
PRD003,2025-03-06 23:31:13.767864,6,89,1021.49
PRD003,2025-03-07 23:31:13.767864,3,55,879.52
PRD003,2025-03-08 23:31:13.767864,6,67,860.73
PRD003,2025-03-09 23:31:13.767864,8,70,900.79
PRD003,2025-03-10 23:31:13.767864,6,26,1015.38
PRD003,2025-03-11 23:31:13.767864,5,44,879.72
PRD003,2025-03-12 23:31:13.767864,4,24,1015.97
PRD003,2025-03-13 23:31:13.767864,5,29,918.45
PRD003,2025-03-14 23:31:13.767864,5,29,943.63
PRD003,2025-03-15 23:31:13.767864,10,86,877.59
PRD003,2025-03-16 23:31:13.767864,6,66,952.7
PRD003,2025-03-17 23:31:13.767864,3,95,923.99
PRD003,2025-03-18 23:31:13.767864,6,87,901.05
PRD003,2025-03-19 23:31:13.767864,7,37,866.83
PRD003,2025-03-20 23:31:13.767864,3,27,929.28
PRD003,2025-03-21 23:31:13.767864,3,20,866.14
PRD003,2025-03-22 23:31:13.767864,7,76,900.15
PRD003,2025-03-23 23:31:13.767864,8,69,858.97
PRD003,2025-03-24 23:31:13.767864,7,25,904.44
PRD003,2025-03-25 23:31:13.767864,5,83,965.77
PRD003,2025-03-26 23:31:13.767864,6,37,985.27
PRD003,2025-03-27 23:31:13.767864,7,18,962.92
PRD003,2025-03-28 23:31:13.767864,4,74,1026.3
PRD003,2025-03-29 23:31:13.767864,9,9,981.94
PRD003,2025-03-30 23:31:13.767864,11,45,904.39
PRD003,2025-03-31 23:31:13.767864,6,28,1010.76
PRD003,2025-04-01 23:31:13.767864,4,32,1043.4
PRD003,2025-04-02 23:31:13.767864,5,64,876.61
PRD003,2025-04-03 23:31:13.767864,5,52,1045.52
PRD003,2025-04-04 23:31:13.767864,2,44,1047.94
PRD003,2025-04-05 23:31:13.767864,10,69,874.22
PRD003,2025-04-06 23:31:13.767864,6,81,992.98
PRD003,2025-04-07 23:31:13.767864,4,56,1024.34
PRD003,2025-04-08 23:31:13.767864,4,18,919.31
PRD003,2025-04-09 23:31:13.767864,5,70,1013.94
PRD003,2025-04-10 23:31:13.767864,4,20,885.7
PRD003,2025-04-11 23:31:13.767864,4,29,956.85
PRD003,2025-04-12 23:31:13.767864,7,92,887.63
PRD003,2025-04-13 23:31:13.767864,7,92,884.21
PRD003,2025-04-14 23:31:13.767864,4,22,969.74
PRD003,2025-04-15 23:31:13.767864,3,94,1025.1
PRD003,2025-04-16 23:31:13.767864,2,31,1003.65
PRD003,2025-04-17 23:31:13.767864,6,74,1035.1
PRD003,2025-04-18 23:31:13.767864,4,39,920.48
PRD003,2025-04-19 23:31:13.767864,10,12,895.8
PRD003,2025-04-20 23:31:13.767864,8,54,872.98
PRD003,2025-04-21 23:31:13.767864,5,88,919.24
PRD003,2025-04-22 23:31:13.767864,3,63,999.16
PRD003,2025-04-23 23:31:13.767864,5,25,1008.74
PRD003,2025-04-24 23:31:13.767864,4,92,904.97
PRD003,2025-04-25 23:31:13.767864,5,68,960.72
PRD003,2025-04-26 23:31:13.767864,9,50,948.13
PRD003,2025-04-27 23:31:13.767864,10,66,884.09
PRD003,2025-04-28 23:31:13.767864,7,14,980.18
PRD003,2025-04-29 23:31:13.767864,6,87,896.38
PRD003,2025-04-30 23:31:13.767864,3,74,930.62
PRD003,2025-05-01 23:31:13.767864,4,23,957.74
PRD003,2025-05-02 23:31:13.767864,5,24,961.75
PRD003,2025-05-03 23:31:13.767864,9,18,1046.09
PRD003,2025-05-04 23:31:13.767864,8,58,952.16
PRD003,2025-05-05 23:31:13.767864,7,61,940.4
PRD003,2025-05-06 23:31:13.767864,4,57,894.66
PRD003,2025-05-07 23:31:13.767864,6,54,1027.98
PRD003,2025-05-08 23:31:13.767864,4,96,922.05
PRD003,2025-05-09 23:31:13.767864,6,69,1022.08
PRD003,2025-05-10 23:31:13.767864,9,72,904.25
PRD003,2025-05-11 23:31:13.767864,9,13,864.19
PRD003,2025-05-12 23:31:13.767864,4,22,1042.89
PRD003,2025-05-13 23:31:13.767864,5,79,1042.91
PRD003,2025-05-14 23:31:13.767864,4,57,901.98
PRD003,2025-05-15 23:31:13.767864,4,78,948.3
PRD003,2025-05-16 23:31:13.767864,6,30,1031.14
PRD003,2025-05-17 23:31:13.767864,5,21,888.52
PRD003,2025-05-18 23:31:13.767864,7,60,927.79
PRD003,2025-05-19 23:31:13.767864,3,46,964.83
PRD003,2025-05-20 23:31:13.767864,7,64,999.28
PRD003,2025-05-21 23:31:13.767864,6,21,884.67
PRD003,2025-05-22 23:31:13.767864,3,75,1035.65
PRD003,2025-05-23 23:31:13.767864,6,57,1039.38
PRD003,2025-05-24 23:31:13.767864,10,48,927.33
PRD003,2025-05-25 23:31:13.767864,10,81,964.87
PRD003,2025-05-26 23:31:13.767864,4,76,898.77
PRD003,2025-05-27 23:31:13.767864,5,18,888.73
PRD003,2025-05-28 23:31:13.767864,7,46,986.29
PRD003,2025-05-29 23:31:13.767864,8,17,943.12
PRD003,2025-05-30 23:31:13.767864,6,52,933.46
PRD003,2025-05-31 23:31:13.767864,9,37,941.65
PRD004,2024-05-31 23:31:13.767864,2,21,265.04
PRD004,2024-06-01 23:31:13.767864,7,51,278.79
PRD004,2024-06-02 23:31:13.767864,1,45,288.08
PRD004,2024-06-03 23:31:13.767864,4,77,269.82
PRD004,2024-06-04 23:31:13.767864,4,38,285.05
PRD004,2024-06-05 23:31:13.767864,2,23,249.8
PRD004,2024-06-06 23:31:13.767864,0,96,287.2
PRD004,2024-06-07 23:31:13.767864,0,95,269.56
PRD004,2024-06-08 23:31:13.767864,6,20,249.14
PRD004,2024-06-09 23:31:13.767864,4,51,244.42
PRD004,2024-06-10 23:31:13.767864,3,52,251.38
PRD004,2024-06-11 23:31:13.767864,2,66,262.8
PRD004,2024-06-12 23:31:13.767864,4,50,269.33
PRD004,2024-06-13 23:31:13.767864,3,84,282.01
PRD004,2024-06-14 23:31:13.767864,2,33,293.01
PRD004,2024-06-15 23:31:13.767864,5,24,288.89
PRD004,2024-06-16 23:31:13.767864,4,64,269.53
PRD004,2024-06-17 23:31:13.767864,4,42,284.29
PRD004,2024-06-18 23:31:13.767864,3,23,295.15
PRD004,2024-06-19 23:31:13.767864,5,20,291.53
PRD004,2024-06-20 23:31:13.767864,1,21,256.34
PRD004,2024-06-21 23:31:13.767864,3,35,251.15
PRD004,2024-06-22 23:31:13.767864,4,34,262.9
PRD004,2024-06-23 23:31:13.767864,2,31,262.0
PRD004,2024-06-24 23:31:13.767864,3,61,263.7
PRD004,2024-06-25 23:31:13.767864,2,30,280.11
PRD004,2024-06-26 23:31:13.767864,4,30,271.6
PRD004,2024-06-27 23:31:13.767864,1,30,294.16
PRD004,2024-06-28 23:31:13.767864,3,40,250.31
PRD004,2024-06-29 23:31:13.767864,6,18,285.48
PRD004,2024-06-30 23:31:13.767864,7,20,244.57
PRD004,2024-07-01 23:31:13.767864,5,73,258.97
PRD004,2024-07-02 23:31:13.767864,3,81,252.19
PRD004,2024-07-03 23:31:13.767864,3,66,272.25
PRD004,2024-07-04 23:31:13.767864,2,24,267.95
PRD004,2024-07-05 23:31:13.767864,4,78,292.14
PRD004,2024-07-06 23:31:13.767864,2,60,277.49
PRD004,2024-07-07 23:31:13.767864,3,82,259.84
PRD004,2024-07-08 23:31:13.767864,0,55,245.11
PRD004,2024-07-09 23:31:13.767864,4,70,291.42
PRD004,2024-07-10 23:31:13.767864,3,37,271.26
PRD004,2024-07-11 23:31:13.767864,5,26,283.7
PRD004,2024-07-12 23:31:13.767864,1,24,245.04
PRD004,2024-07-13 23:31:13.767864,3,61,268.67
PRD004,2024-07-14 23:31:13.767864,2,56,259.62
PRD004,2024-07-15 23:31:13.767864,2,61,264.95
PRD004,2024-07-16 23:31:13.767864,4,93,242.6
PRD004,2024-07-17 23:31:13.767864,4,90,279.61
PRD004,2024-07-18 23:31:13.767864,3,52,246.67
PRD004,2024-07-19 23:31:13.767864,4,58,294.55
PRD004,2024-07-20 23:31:13.767864,1,47,250.26
PRD004,2024-07-21 23:31:13.767864,4,26,274.0
PRD004,2024-07-22 23:31:13.767864,3,40,295.05
PRD004,2024-07-23 23:31:13.767864,4,27,250.86
PRD004,2024-07-24 23:31:13.767864,5,25,247.72
PRD004,2024-07-25 23:31:13.767864,3,95,289.69
PRD004,2024-07-26 23:31:13.767864,2,16,282.08
PRD004,2024-07-27 23:31:13.767864,7,81,278.29
PRD004,2024-07-28 23:31:13.767864,6,40,250.75
PRD004,2024-07-29 23:31:13.767864,3,90,295.67
PRD004,2024-07-30 23:31:13.767864,6,44,260.6
PRD004,2024-07-31 23:31:13.767864,4,23,246.02
PRD004,2024-08-01 23:31:13.767864,1,20,271.42
PRD004,2024-08-02 23:31:13.767864,0,35,261.17
PRD004,2024-08-03 23:31:13.767864,2,68,250.79
PRD004,2024-08-04 23:31:13.767864,2,77,281.9
PRD004,2024-08-05 23:31:13.767864,0,63,273.64
PRD004,2024-08-06 23:31:13.767864,3,57,274.69
PRD004,2024-08-07 23:31:13.767864,4,35,249.0
PRD004,2024-08-08 23:31:13.767864,2,98,249.24
PRD004,2024-08-09 23:31:13.767864,2,21,246.12
PRD004,2024-08-10 23:31:13.767864,3,82,291.52
PRD004,2024-08-11 23:31:13.767864,4,88,290.24
PRD004,2024-08-12 23:31:13.767864,0,39,287.06
PRD004,2024-08-13 23:31:13.767864,0,16,264.36
PRD004,2024-08-14 23:31:13.767864,1,70,245.07
PRD004,2024-08-15 23:31:13.767864,2,67,244.0
PRD004,2024-08-16 23:31:13.767864,1,61,264.88
PRD004,2024-08-17 23:31:13.767864,2,26,280.28
PRD004,2024-08-18 23:31:13.767864,5,87,263.15
PRD004,2024-08-19 23:31:13.767864,2,27,265.98
PRD004,2024-08-20 23:31:13.767864,3,20,256.47
PRD004,2024-08-21 23:31:13.767864,5,51,276.75
PRD004,2024-08-22 23:31:13.767864,0,62,265.86
PRD004,2024-08-23 23:31:13.767864,5,25,287.88
PRD004,2024-08-24 23:31:13.767864,2,82,245.75
PRD004,2024-08-25 23:31:13.767864,8,83,276.05
PRD004,2024-08-26 23:31:13.767864,5,19,292.11
PRD004,2024-08-27 23:31:13.767864,3,71,293.92
PRD004,2024-08-28 23:31:13.767864,6,49,281.1
PRD004,2024-08-29 23:31:13.767864,4,20,275.82
PRD004,2024-08-30 23:31:13.767864,5,39,280.72
PRD004,2024-08-31 23:31:13.767864,7,31,278.38
PRD004,2024-09-01 23:31:13.767864,4,30,253.56
PRD004,2024-09-02 23:31:13.767864,2,72,294.15
PRD004,2024-09-03 23:31:13.767864,1,41,289.92
PRD004,2024-09-04 23:31:13.767864,3,36,293.87
PRD004,2024-09-05 23:31:13.767864,4,24,247.09
PRD004,2024-09-06 23:31:13.767864,0,44,267.99
PRD004,2024-09-07 23:31:13.767864,6,20,253.33
PRD004,2024-09-08 23:31:13.767864,4,32,285.34
PRD004,2024-09-09 23:31:13.767864,5,78,282.44
PRD004,2024-09-10 23:31:13.767864,1,55,257.11
PRD004,2024-09-11 23:31:13.767864,0,54,272.92
PRD004,2024-09-12 23:31:13.767864,2,63,280.14
PRD004,2024-09-13 23:31:13.767864,4,64,252.39
PRD004,2024-09-14 23:31:13.767864,4,33,251.45
PRD004,2024-09-15 23:31:13.767864,7,40,251.27
PRD004,2024-09-16 23:31:13.767864,1,77,251.05
PRD004,2024-09-17 23:31:13.767864,1,17,256.63
PRD004,2024-09-18 23:31:13.767864,2,91,257.01
PRD004,2024-09-19 23:31:13.767864,0,57,289.91
PRD004,2024-09-20 23:31:13.767864,5,69,264.12
PRD004,2024-09-21 23:31:13.767864,6,19,276.76
PRD004,2024-09-22 23:31:13.767864,3,78,267.91
PRD004,2024-09-23 23:31:13.767864,3,90,249.96
PRD004,2024-09-24 23:31:13.767864,0,92,270.91
PRD004,2024-09-25 23:31:13.767864,5,61,253.52
PRD004,2024-09-26 23:31:13.767864,1,59,286.55
PRD004,2024-09-27 23:31:13.767864,5,31,264.67
PRD004,2024-09-28 23:31:13.767864,3,28,269.32
PRD004,2024-09-29 23:31:13.767864,4,52,289.28
PRD004,2024-09-30 23:31:13.767864,2,36,279.83
PRD004,2024-10-01 23:31:13.767864,5,20,266.61
PRD004,2024-10-02 23:31:13.767864,0,32,254.97
PRD004,2024-10-03 23:31:13.767864,1,79,242.81
PRD004,2024-10-04 23:31:13.767864,5,16,249.87
PRD004,2024-10-05 23:31:13.767864,6,27,276.05
PRD004,2024-10-06 23:31:13.767864,5,36,279.16
PRD004,2024-10-07 23:31:13.767864,2,57,295.83
PRD004,2024-10-08 23:31:13.767864,4,40,276.06
PRD004,2024-10-09 23:31:13.767864,1,84,295.55
PRD004,2024-10-10 23:31:13.767864,2,95,249.06
PRD004,2024-10-11 23:31:13.767864,2,24,246.5
PRD004,2024-10-12 23:31:13.767864,3,87,292.54
PRD004,2024-10-13 23:31:13.767864,4,17,262.51
PRD004,2024-10-14 23:31:13.767864,4,45,260.57
PRD004,2024-10-15 23:31:13.767864,5,90,264.9
PRD004,2024-10-16 23:31:13.767864,4,25,279.29
PRD004,2024-10-17 23:31:13.767864,4,60,242.37
PRD004,2024-10-18 23:31:13.767864,3,69,247.13
PRD004,2024-10-19 23:31:13.767864,5,21,257.47
PRD004,2024-10-20 23:31:13.767864,4,68,280.92
PRD004,2024-10-21 23:31:13.767864,4,79,267.82
PRD004,2024-10-22 23:31:13.767864,2,25,276.51
PRD004,2024-10-23 23:31:13.767864,5,41,266.91
PRD004,2024-10-24 23:31:13.767864,4,86,249.59
PRD004,2024-10-25 23:31:13.767864,1,29,258.35
PRD004,2024-10-26 23:31:13.767864,5,22,257.5
PRD004,2024-10-27 23:31:13.767864,3,56,263.08
PRD004,2024-10-28 23:31:13.767864,5,92,243.11
PRD004,2024-10-29 23:31:13.767864,5,70,253.64
PRD004,2024-10-30 23:31:13.767864,3,70,284.72
PRD004,2024-10-31 23:31:13.767864,5,69,251.68
PRD004,2024-11-01 23:31:13.767864,2,98,281.1
PRD004,2024-11-02 23:31:13.767864,1,20,274.22
PRD004,2024-11-03 23:31:13.767864,3,66,278.34
PRD004,2024-11-04 23:31:13.767864,5,41,294.25
PRD004,2024-11-05 23:31:13.767864,2,39,242.24
PRD004,2024-11-06 23:31:13.767864,1,54,274.31
PRD004,2024-11-07 23:31:13.767864,5,28,262.89
PRD004,2024-11-08 23:31:13.767864,1,45,273.02
PRD004,2024-11-09 23:31:13.767864,6,14,275.66
PRD004,2024-11-10 23:31:13.767864,4,16,263.71
PRD004,2024-11-11 23:31:13.767864,3,64,281.33
PRD004,2024-11-12 23:31:13.767864,3,39,260.77
PRD004,2024-11-13 23:31:13.767864,1,82,278.02
PRD004,2024-11-14 23:31:13.767864,4,68,267.38
PRD004,2024-11-15 23:31:13.767864,0,100,262.67
PRD004,2024-11-16 23:31:13.767864,6,42,286.44
PRD004,2024-11-17 23:31:13.767864,1,88,255.49
PRD004,2024-11-18 23:31:13.767864,1,45,276.39
PRD004,2024-11-19 23:31:13.767864,1,62,287.38
PRD004,2024-11-20 23:31:13.767864,1,35,272.57
PRD004,2024-11-21 23:31:13.767864,0,30,276.32
PRD004,2024-11-22 23:31:13.767864,0,87,252.22
PRD004,2024-11-23 23:31:13.767864,5,72,264.62
PRD004,2024-11-24 23:31:13.767864,3,85,272.12
PRD004,2024-11-25 23:31:13.767864,3,85,242.28
PRD004,2024-11-26 23:31:13.767864,2,55,258.01
PRD004,2024-11-27 23:31:13.767864,5,92,274.35
PRD004,2024-11-28 23:31:13.767864,2,62,274.99
PRD004,2024-11-29 23:31:13.767864,2,33,276.97
PRD004,2024-11-30 23:31:13.767864,4,18,257.18
PRD004,2024-12-01 23:31:13.767864,5,49,252.73
PRD004,2024-12-02 23:31:13.767864,3,49,289.17
PRD004,2024-12-03 23:31:13.767864,1,23,291.03
PRD004,2024-12-04 23:31:13.767864,0,27,277.51
PRD004,2024-12-05 23:31:13.767864,3,38,258.03
PRD004,2024-12-06 23:31:13.767864,0,23,282.03
PRD004,2024-12-07 23:31:13.767864,3,62,255.32
PRD004,2024-12-08 23:31:13.767864,3,70,245.91
PRD004,2024-12-09 23:31:13.767864,3,58,242.89
PRD004,2024-12-10 23:31:13.767864,4,29,244.52
PRD004,2024-12-11 23:31:13.767864,3,84,257.47
PRD004,2024-12-12 23:31:13.767864,2,59,277.41
PRD004,2024-12-13 23:31:13.767864,2,90,267.52
PRD004,2024-12-14 23:31:13.767864,6,71,287.35
PRD004,2024-12-15 23:31:13.767864,5,22,254.81
PRD004,2024-12-16 23:31:13.767864,5,14,284.18
PRD004,2024-12-17 23:31:13.767864,3,69,252.83
PRD004,2024-12-18 23:31:13.767864,2,17,261.95
PRD004,2024-12-19 23:31:13.767864,0,75,292.68
PRD004,2024-12-20 23:31:13.767864,5,90,289.95
PRD004,2024-12-21 23:31:13.767864,5,69,246.11
PRD004,2024-12-22 23:31:13.767864,2,40,266.5
PRD004,2024-12-23 23:31:13.767864,0,79,269.21
PRD004,2024-12-24 23:31:13.767864,1,21,242.66
PRD004,2024-12-25 23:31:13.767864,4,50,252.0
PRD004,2024-12-26 23:31:13.767864,2,18,254.46
PRD004,2024-12-27 23:31:13.767864,6,63,285.3
PRD004,2024-12-28 23:31:13.767864,4,21,250.65
PRD004,2024-12-29 23:31:13.767864,4,68,245.87
PRD004,2024-12-30 23:31:13.767864,2,45,247.66
PRD004,2024-12-31 23:31:13.767864,4,69,258.75
PRD004,2025-01-01 23:31:13.767864,1,29,295.49
PRD004,2025-01-02 23:31:13.767864,4,27,266.25
PRD004,2025-01-03 23:31:13.767864,1,62,247.71
PRD004,2025-01-04 23:31:13.767864,4,24,286.56
PRD004,2025-01-05 23:31:13.767864,5,21,251.61
PRD004,2025-01-06 23:31:13.767864,3,29,243.67
PRD004,2025-01-07 23:31:13.767864,2,16,260.7
PRD004,2025-01-08 23:31:13.767864,5,63,245.18
PRD004,2025-01-09 23:31:13.767864,2,39,291.72
PRD004,2025-01-10 23:31:13.767864,2,34,272.5
PRD004,2025-01-11 23:31:13.767864,6,63,275.75
PRD004,2025-01-12 23:31:13.767864,3,32,285.98
PRD004,2025-01-13 23:31:13.767864,0,55,274.73
PRD004,2025-01-14 23:31:13.767864,3,85,294.9
PRD004,2025-01-15 23:31:13.767864,3,47,270.8
PRD004,2025-01-16 23:31:13.767864,2,97,293.57
PRD004,2025-01-17 23:31:13.767864,1,97,263.72
PRD004,2025-01-18 23:31:13.767864,3,77,273.21
PRD004,2025-01-19 23:31:13.767864,3,96,288.03
PRD004,2025-01-20 23:31:13.767864,2,70,280.67
PRD004,2025-01-21 23:31:13.767864,2,56,253.31
PRD004,2025-01-22 23:31:13.767864,1,20,247.88
PRD004,2025-01-23 23:31:13.767864,4,38,272.8
PRD004,2025-01-24 23:31:13.767864,2,59,271.47
PRD004,2025-01-25 23:31:13.767864,4,32,254.98
PRD004,2025-01-26 23:31:13.767864,6,29,268.4
PRD004,2025-01-27 23:31:13.767864,2,93,242.15
PRD004,2025-01-28 23:31:13.767864,3,19,248.66
PRD004,2025-01-29 23:31:13.767864,5,23,250.47
PRD004,2025-01-30 23:31:13.767864,5,77,246.26
PRD004,2025-01-31 23:31:13.767864,4,67,249.53
PRD004,2025-02-01 23:31:13.767864,6,15,281.91
PRD004,2025-02-02 23:31:13.767864,2,30,248.78
PRD004,2025-02-03 23:31:13.767864,1,20,259.54
PRD004,2025-02-04 23:31:13.767864,2,21,283.79
PRD004,2025-02-05 23:31:13.767864,4,43,247.76
PRD004,2025-02-06 23:31:13.767864,4,81,276.17
PRD004,2025-02-07 23:31:13.767864,3,83,253.94
PRD004,2025-02-08 23:31:13.767864,7,51,262.4
PRD004,2025-02-09 23:31:13.767864,5,65,246.76
PRD004,2025-02-10 23:31:13.767864,4,24,264.56
PRD004,2025-02-11 23:31:13.767864,4,69,286.16
PRD004,2025-02-12 23:31:13.767864,3,80,267.02
PRD004,2025-02-13 23:31:13.767864,2,72,281.39
PRD004,2025-02-14 23:31:13.767864,4,23,261.88
PRD004,2025-02-15 23:31:13.767864,1,21,280.3
PRD004,2025-02-16 23:31:13.767864,7,39,267.44
PRD004,2025-02-17 23:31:13.767864,5,86,293.31
PRD004,2025-02-18 23:31:13.767864,5,82,250.08
PRD004,2025-02-19 23:31:13.767864,3,37,289.36
PRD004,2025-02-20 23:31:13.767864,2,65,293.61
PRD004,2025-02-21 23:31:13.767864,5,94,283.96
PRD004,2025-02-22 23:31:13.767864,3,95,289.53
PRD004,2025-02-23 23:31:13.767864,7,41,265.09
PRD004,2025-02-24 23:31:13.767864,2,79,252.72
PRD004,2025-02-25 23:31:13.767864,5,62,246.86
PRD004,2025-02-26 23:31:13.767864,3,48,269.58
PRD004,2025-02-27 23:31:13.767864,3,63,257.8
PRD004,2025-02-28 23:31:13.767864,5,16,277.22
PRD004,2025-03-01 23:31:13.767864,5,64,287.97
PRD004,2025-03-02 23:31:13.767864,6,19,285.55
PRD004,2025-03-03 23:31:13.767864,0,26,291.23
PRD004,2025-03-04 23:31:13.767864,1,47,294.66
PRD004,2025-03-05 23:31:13.767864,5,29,260.69
PRD004,2025-03-06 23:31:13.767864,2,93,273.5
PRD004,2025-03-07 23:31:13.767864,1,91,247.72
PRD004,2025-03-08 23:31:13.767864,3,34,290.3
PRD004,2025-03-09 23:31:13.767864,2,48,275.21
PRD004,2025-03-10 23:31:13.767864,4,64,269.73
PRD004,2025-03-11 23:31:13.767864,2,27,267.24
PRD004,2025-03-12 23:31:13.767864,4,20,267.07
PRD004,2025-03-13 23:31:13.767864,1,20,293.23
PRD004,2025-03-14 23:31:13.767864,4,29,265.79
PRD004,2025-03-15 23:31:13.767864,5,57,243.99
PRD004,2025-03-16 23:31:13.767864,2,64,246.19
PRD004,2025-03-17 23:31:13.767864,2,68,248.64
PRD004,2025-03-18 23:31:13.767864,3,67,273.12
PRD004,2025-03-19 23:31:13.767864,2,32,284.52
PRD004,2025-03-20 23:31:13.767864,1,85,264.13
PRD004,2025-03-21 23:31:13.767864,4,35,282.9
PRD004,2025-03-22 23:31:13.767864,5,55,250.55
PRD004,2025-03-23 23:31:13.767864,3,32,268.27
PRD004,2025-03-24 23:31:13.767864,0,70,270.94
PRD004,2025-03-25 23:31:13.767864,4,94,287.8
PRD004,2025-03-26 23:31:13.767864,2,21,293.4
PRD004,2025-03-27 23:31:13.767864,1,91,269.05
PRD004,2025-03-28 23:31:13.767864,6,76,245.05
PRD004,2025-03-29 23:31:13.767864,3,65,249.56
PRD004,2025-03-30 23:31:13.767864,7,49,294.01
PRD004,2025-03-31 23:31:13.767864,5,75,257.22
PRD004,2025-04-01 23:31:13.767864,2,18,277.98
PRD004,2025-04-02 23:31:13.767864,2,72,295.5
PRD004,2025-04-03 23:31:13.767864,4,23,251.59
PRD004,2025-04-04 23:31:13.767864,2,56,266.95
PRD004,2025-04-05 23:31:13.767864,4,94,243.32
PRD004,2025-04-06 23:31:13.767864,6,31,246.74
PRD004,2025-04-07 23:31:13.767864,4,74,264.99
PRD004,2025-04-08 23:31:13.767864,2,73,272.45
PRD004,2025-04-09 23:31:13.767864,4,91,261.12
PRD004,2025-04-10 23:31:13.767864,3,37,276.49
PRD004,2025-04-11 23:31:13.767864,0,35,252.06
PRD004,2025-04-12 23:31:13.767864,4,23,274.42
PRD004,2025-04-13 23:31:13.767864,5,17,278.6
PRD004,2025-04-14 23:31:13.767864,2,64,289.62
PRD004,2025-04-15 23:31:13.767864,3,81,276.74
PRD004,2025-04-16 23:31:13.767864,0,47,247.36
PRD004,2025-04-17 23:31:13.767864,3,51,264.77
PRD004,2025-04-18 23:31:13.767864,2,34,282.8
PRD004,2025-04-19 23:31:13.767864,3,66,269.8
PRD004,2025-04-20 23:31:13.767864,4,69,277.57
PRD004,2025-04-21 23:31:13.767864,5,92,244.75
PRD004,2025-04-22 23:31:13.767864,1,29,273.28
PRD004,2025-04-23 23:31:13.767864,2,71,256.72
PRD004,2025-04-24 23:31:13.767864,2,81,286.35
PRD004,2025-04-25 23:31:13.767864,4,18,256.48
PRD004,2025-04-26 23:31:13.767864,7,25,260.88
PRD004,2025-04-27 23:31:13.767864,5,25,251.48
PRD004,2025-04-28 23:31:13.767864,3,53,279.81
PRD004,2025-04-29 23:31:13.767864,2,91,295.27
PRD004,2025-04-30 23:31:13.767864,3,57,248.71
PRD004,2025-05-01 23:31:13.767864,4,30,246.8
PRD004,2025-05-02 23:31:13.767864,1,51,265.38
PRD004,2025-05-03 23:31:13.767864,3,55,261.47
PRD004,2025-05-04 23:31:13.767864,5,22,248.61
PRD004,2025-05-05 23:31:13.767864,3,18,248.13
PRD004,2025-05-06 23:31:13.767864,1,27,254.37
PRD004,2025-05-07 23:31:13.767864,1,52,250.37
PRD004,2025-05-08 23:31:13.767864,1,79,281.14
PRD004,2025-05-09 23:31:13.767864,5,58,287.7
PRD004,2025-05-10 23:31:13.767864,4,96,278.35
PRD004,2025-05-11 23:31:13.767864,5,21,294.95
PRD004,2025-05-12 23:31:13.767864,2,52,290.12
PRD004,2025-05-13 23:31:13.767864,2,18,293.3
PRD004,2025-05-14 23:31:13.767864,4,22,254.61
PRD004,2025-05-15 23:31:13.767864,5,63,264.06
PRD004,2025-05-16 23:31:13.767864,3,30,268.4
PRD004,2025-05-17 23:31:13.767864,2,21,293.19
PRD004,2025-05-18 23:31:13.767864,5,21,247.36
PRD004,2025-05-19 23:31:13.767864,4,27,294.08
PRD004,2025-05-20 23:31:13.767864,4,96,249.56
PRD004,2025-05-21 23:31:13.767864,2,18,256.48
PRD004,2025-05-22 23:31:13.767864,4,94,260.24
PRD004,2025-05-23 23:31:13.767864,1,54,260.11
PRD004,2025-05-24 23:31:13.767864,5,81,280.32
PRD004,2025-05-25 23:31:13.767864,4,91,289.48
PRD004,2025-05-26 23:31:13.767864,3,64,293.93
PRD004,2025-05-27 23:31:13.767864,2,49,248.61
PRD004,2025-05-28 23:31:13.767864,1,26,283.91
PRD004,2025-05-29 23:31:13.767864,2,68,276.31
PRD004,2025-05-30 23:31:13.767864,3,82,261.29
PRD004,2025-05-31 23:31:13.767864,4,17,278.51
PRD005,2024-05-31 23:31:13.767864,2,57,568.35
PRD005,2024-06-01 23:31:13.767864,2,72,520.44
PRD005,2024-06-02 23:31:13.767864,5,22,486.27
PRD005,2024-06-03 23:31:13.767864,2,95,543.04
PRD005,2024-06-04 23:31:13.767864,3,94,519.48
PRD005,2024-06-05 23:31:13.767864,1,26,536.51
PRD005,2024-06-06 23:31:13.767864,4,25,568.53
PRD005,2024-06-07 23:31:13.767864,2,23,477.75
PRD005,2024-06-08 23:31:13.767864,3,33,559.27
PRD005,2024-06-09 23:31:13.767864,4,40,484.6
PRD005,2024-06-10 23:31:13.767864,5,56,534.22
PRD005,2024-06-11 23:31:13.767864,4,26,491.24
PRD005,2024-06-12 23:31:13.767864,1,79,500.22
PRD005,2024-06-13 23:31:13.767864,1,39,530.43
PRD005,2024-06-14 23:31:13.767864,1,73,531.37
PRD005,2024-06-15 23:31:13.767864,5,33,496.15
PRD005,2024-06-16 23:31:13.767864,7,36,483.74
PRD005,2024-06-17 23:31:13.767864,2,24,497.49
PRD005,2024-06-18 23:31:13.767864,1,94,533.15
PRD005,2024-06-19 23:31:13.767864,1,62,479.92
PRD005,2024-06-20 23:31:13.767864,2,26,522.81
PRD005,2024-06-21 23:31:13.767864,2,53,567.54
PRD005,2024-06-22 23:31:13.767864,6,41,510.38
PRD005,2024-06-23 23:31:13.767864,4,96,529.43
PRD005,2024-06-24 23:31:13.767864,4,70,545.54
PRD005,2024-06-25 23:31:13.767864,3,18,542.06
PRD005,2024-06-26 23:31:13.767864,2,60,504.51
PRD005,2024-06-27 23:31:13.767864,3,29,467.4
PRD005,2024-06-28 23:31:13.767864,5,53,537.65
PRD005,2024-06-29 23:31:13.767864,8,64,514.01
PRD005,2024-06-30 23:31:13.767864,3,27,549.35
PRD005,2024-07-01 23:31:13.767864,2,27,546.72
PRD005,2024-07-02 23:31:13.767864,1,42,470.55
PRD005,2024-07-03 23:31:13.767864,0,24,478.15
PRD005,2024-07-04 23:31:13.767864,5,16,560.31
PRD005,2024-07-05 23:31:13.767864,1,84,487.74
PRD005,2024-07-06 23:31:13.767864,2,23,517.62
PRD005,2024-07-07 23:31:13.767864,5,52,531.28
PRD005,2024-07-08 23:31:13.767864,4,48,546.61
PRD005,2024-07-09 23:31:13.767864,3,24,534.34
PRD005,2024-07-10 23:31:13.767864,4,83,509.96
PRD005,2024-07-11 23:31:13.767864,3,27,467.2
PRD005,2024-07-12 23:31:13.767864,4,27,492.24
PRD005,2024-07-13 23:31:13.767864,2,28,552.09
PRD005,2024-07-14 23:31:13.767864,6,43,487.97
PRD005,2024-07-15 23:31:13.767864,0,21,537.5
PRD005,2024-07-16 23:31:13.767864,3,29,488.38
PRD005,2024-07-17 23:31:13.767864,2,80,477.4
PRD005,2024-07-18 23:31:13.767864,3,52,505.54
PRD005,2024-07-19 23:31:13.767864,1,27,559.79
PRD005,2024-07-20 23:31:13.767864,2,18,564.88
PRD005,2024-07-21 23:31:13.767864,6,55,473.96
PRD005,2024-07-22 23:31:13.767864,5,47,489.64
PRD005,2024-07-23 23:31:13.767864,3,87,525.39
PRD005,2024-07-24 23:31:13.767864,3,20,553.02
PRD005,2024-07-25 23:31:13.767864,2,73,541.8
PRD005,2024-07-26 23:31:13.767864,5,34,492.59
PRD005,2024-07-27 23:31:13.767864,6,78,548.91
PRD005,2024-07-28 23:31:13.767864,8,14,485.45
PRD005,2024-07-29 23:31:13.767864,6,18,484.54
PRD005,2024-07-30 23:31:13.767864,5,36,466.77
PRD005,2024-07-31 23:31:13.767864,1,32,497.78
PRD005,2024-08-01 23:31:13.767864,4,40,527.91
PRD005,2024-08-02 23:31:13.767864,3,97,515.22
PRD005,2024-08-03 23:31:13.767864,5,95,557.66
PRD005,2024-08-04 23:31:13.767864,2,30,490.43
PRD005,2024-08-05 23:31:13.767864,1,77,548.85
PRD005,2024-08-06 23:31:13.767864,4,31,478.69
PRD005,2024-08-07 23:31:13.767864,3,58,534.53
PRD005,2024-08-08 23:31:13.767864,0,34,512.2
PRD005,2024-08-09 23:31:13.767864,5,17,498.95
PRD005,2024-08-10 23:31:13.767864,3,22,519.69
PRD005,2024-08-11 23:31:13.767864,2,90,544.15
PRD005,2024-08-12 23:31:13.767864,3,19,482.53
PRD005,2024-08-13 23:31:13.767864,1,37,483.78
PRD005,2024-08-14 23:31:13.767864,0,25,543.57
PRD005,2024-08-15 23:31:13.767864,1,31,527.86
PRD005,2024-08-16 23:31:13.767864,2,52,508.72
PRD005,2024-08-17 23:31:13.767864,6,16,557.91
PRD005,2024-08-18 23:31:13.767864,6,81,566.39
PRD005,2024-08-19 23:31:13.767864,0,45,527.16
PRD005,2024-08-20 23:31:13.767864,1,42,505.43
PRD005,2024-08-21 23:31:13.767864,4,73,486.03
PRD005,2024-08-22 23:31:13.767864,5,44,537.03
PRD005,2024-08-23 23:31:13.767864,2,21,564.2
PRD005,2024-08-24 23:31:13.767864,4,15,556.67
PRD005,2024-08-25 23:31:13.767864,4,87,494.43
PRD005,2024-08-26 23:31:13.767864,6,59,513.38
PRD005,2024-08-27 23:31:13.767864,2,55,519.89
PRD005,2024-08-28 23:31:13.767864,3,72,531.47
PRD005,2024-08-29 23:31:13.767864,5,72,511.71
PRD005,2024-08-30 23:31:13.767864,4,42,493.57
PRD005,2024-08-31 23:31:13.767864,6,27,508.44
PRD005,2024-09-01 23:31:13.767864,3,56,512.66
PRD005,2024-09-02 23:31:13.767864,0,52,474.02
PRD005,2024-09-03 23:31:13.767864,0,69,556.98
PRD005,2024-09-04 23:31:13.767864,0,69,467.51
PRD005,2024-09-05 23:31:13.767864,3,74,524.35
PRD005,2024-09-06 23:31:13.767864,2,37,483.63
PRD005,2024-09-07 23:31:13.767864,4,24,557.92
PRD005,2024-09-08 23:31:13.767864,4,58,551.77
PRD005,2024-09-09 23:31:13.767864,3,27,465.54
PRD005,2024-09-10 23:31:13.767864,1,87,556.8
PRD005,2024-09-11 23:31:13.767864,0,47,536.04
PRD005,2024-09-12 23:31:13.767864,3,95,551.49
PRD005,2024-09-13 23:31:13.767864,2,93,497.51
PRD005,2024-09-14 23:31:13.767864,2,20,537.94
PRD005,2024-09-15 23:31:13.767864,3,43,555.46
PRD005,2024-09-16 23:31:13.767864,4,60,537.24
PRD005,2024-09-17 23:31:13.767864,1,30,502.53
PRD005,2024-09-18 23:31:13.767864,5,18,523.2
PRD005,2024-09-19 23:31:13.767864,4,88,466.32
PRD005,2024-09-20 23:31:13.767864,2,41,479.53
PRD005,2024-09-21 23:31:13.767864,4,42,540.17
PRD005,2024-09-22 23:31:13.767864,5,36,497.63
PRD005,2024-09-23 23:31:13.767864,2,84,472.16
PRD005,2024-09-24 23:31:13.767864,1,83,475.41
PRD005,2024-09-25 23:31:13.767864,5,88,469.57
PRD005,2024-09-26 23:31:13.767864,1,94,546.55
PRD005,2024-09-27 23:31:13.767864,5,20,486.39
PRD005,2024-09-28 23:31:13.767864,7,19,520.63
PRD005,2024-09-29 23:31:13.767864,5,39,476.19
PRD005,2024-09-30 23:31:13.767864,2,79,504.53
PRD005,2024-10-01 23:31:13.767864,2,66,469.81
PRD005,2024-10-02 23:31:13.767864,2,79,482.05
PRD005,2024-10-03 23:31:13.767864,5,88,537.69
PRD005,2024-10-04 23:31:13.767864,1,74,554.38
PRD005,2024-10-05 23:31:13.767864,5,53,527.65
PRD005,2024-10-06 23:31:13.767864,7,61,490.6
PRD005,2024-10-07 23:31:13.767864,4,62,487.99
PRD005,2024-10-08 23:31:13.767864,4,55,549.12
PRD005,2024-10-09 23:31:13.767864,2,38,472.62
PRD005,2024-10-10 23:31:13.767864,5,87,542.87
PRD005,2024-10-11 23:31:13.767864,2,23,539.08
PRD005,2024-10-12 23:31:13.767864,3,93,517.09
PRD005,2024-10-13 23:31:13.767864,6,44,491.7
PRD005,2024-10-14 23:31:13.767864,1,24,488.94
PRD005,2024-10-15 23:31:13.767864,2,18,519.21
PRD005,2024-10-16 23:31:13.767864,1,25,469.24
PRD005,2024-10-17 23:31:13.767864,0,20,467.64
PRD005,2024-10-18 23:31:13.767864,2,86,491.16
PRD005,2024-10-19 23:31:13.767864,5,75,499.24
PRD005,2024-10-20 23:31:13.767864,6,18,545.36
PRD005,2024-10-21 23:31:13.767864,2,40,496.69
PRD005,2024-10-22 23:31:13.767864,5,31,562.98
PRD005,2024-10-23 23:31:13.767864,3,21,516.82
PRD005,2024-10-24 23:31:13.767864,1,25,567.46
PRD005,2024-10-25 23:31:13.767864,1,85,566.4
PRD005,2024-10-26 23:31:13.767864,3,25,540.73
PRD005,2024-10-27 23:31:13.767864,6,49,512.49
PRD005,2024-10-28 23:31:13.767864,5,94,535.94
PRD005,2024-10-29 23:31:13.767864,1,69,492.23
PRD005,2024-10-30 23:31:13.767864,3,61,491.05
PRD005,2024-10-31 23:31:13.767864,1,50,527.26
PRD005,2024-11-01 23:31:13.767864,0,32,568.66
PRD005,2024-11-02 23:31:13.767864,4,17,567.42
PRD005,2024-11-03 23:31:13.767864,4,70,497.99
PRD005,2024-11-04 23:31:13.767864,4,90,483.07
PRD005,2024-11-05 23:31:13.767864,5,32,480.34
PRD005,2024-11-06 23:31:13.767864,2,31,471.95
PRD005,2024-11-07 23:31:13.767864,1,72,503.21
PRD005,2024-11-08 23:31:13.767864,1,86,505.84
PRD005,2024-11-09 23:31:13.767864,3,49,532.37
PRD005,2024-11-10 23:31:13.767864,4,94,495.74
PRD005,2024-11-11 23:31:13.767864,4,30,509.96
PRD005,2024-11-12 23:31:13.767864,2,67,475.58
PRD005,2024-11-13 23:31:13.767864,2,35,499.95
PRD005,2024-11-14 23:31:13.767864,3,46,551.9
PRD005,2024-11-15 23:31:13.767864,2,80,530.34
PRD005,2024-11-16 23:31:13.767864,2,28,509.5
PRD005,2024-11-17 23:31:13.767864,5,16,470.22
PRD005,2024-11-18 23:31:13.767864,2,41,471.65
PRD005,2024-11-19 23:31:13.767864,1,89,538.72
PRD005,2024-11-20 23:31:13.767864,5,80,501.9
PRD005,2024-11-21 23:31:13.767864,5,27,538.08
PRD005,2024-11-22 23:31:13.767864,1,50,543.57
PRD005,2024-11-23 23:31:13.767864,6,16,499.06
PRD005,2024-11-24 23:31:13.767864,4,27,538.81
PRD005,2024-11-25 23:31:13.767864,3,22,502.85
PRD005,2024-11-26 23:31:13.767864,1,94,526.99
PRD005,2024-11-27 23:31:13.767864,3,26,546.37
PRD005,2024-11-28 23:31:13.767864,2,22,497.99
PRD005,2024-11-29 23:31:13.767864,3,87,549.29
PRD005,2024-11-30 23:31:13.767864,8,18,535.95
PRD005,2024-12-01 23:31:13.767864,4,58,531.18
PRD005,2024-12-02 23:31:13.767864,2,23,550.14
PRD005,2024-12-03 23:31:13.767864,2,18,557.0
PRD005,2024-12-04 23:31:13.767864,0,80,545.84
PRD005,2024-12-05 23:31:13.767864,3,93,532.04
PRD005,2024-12-06 23:31:13.767864,2,81,554.57
PRD005,2024-12-07 23:31:13.767864,5,72,542.79
PRD005,2024-12-08 23:31:13.767864,3,38,470.57
PRD005,2024-12-09 23:31:13.767864,2,92,498.29
PRD005,2024-12-10 23:31:13.767864,0,91,512.26
PRD005,2024-12-11 23:31:13.767864,4,34,556.56
PRD005,2024-12-12 23:31:13.767864,0,95,489.58
PRD005,2024-12-13 23:31:13.767864,3,57,538.47
PRD005,2024-12-14 23:31:13.767864,6,52,532.39
PRD005,2024-12-15 23:31:13.767864,6,39,536.22
PRD005,2024-12-16 23:31:13.767864,0,25,473.6
PRD005,2024-12-17 23:31:13.767864,1,39,499.2
PRD005,2024-12-18 23:31:13.767864,3,21,553.48
PRD005,2024-12-19 23:31:13.767864,1,30,465.99
PRD005,2024-12-20 23:31:13.767864,2,42,551.01
PRD005,2024-12-21 23:31:13.767864,3,23,466.19
PRD005,2024-12-22 23:31:13.767864,2,58,498.67
PRD005,2024-12-23 23:31:13.767864,2,97,559.38
PRD005,2024-12-24 23:31:13.767864,4,36,495.23
PRD005,2024-12-25 23:31:13.767864,3,74,519.84
PRD005,2024-12-26 23:31:13.767864,4,24,525.16
PRD005,2024-12-27 23:31:13.767864,4,31,517.24
PRD005,2024-12-28 23:31:13.767864,6,80,493.25
PRD005,2024-12-29 23:31:13.767864,8,27,491.79
PRD005,2024-12-30 23:31:13.767864,4,49,503.49
PRD005,2024-12-31 23:31:13.767864,3,24,522.94
PRD005,2025-01-01 23:31:13.767864,2,44,491.93
PRD005,2025-01-02 23:31:13.767864,4,83,563.42
PRD005,2025-01-03 23:31:13.767864,4,63,559.08
PRD005,2025-01-04 23:31:13.767864,2,47,475.83
PRD005,2025-01-05 23:31:13.767864,2,64,538.57
PRD005,2025-01-06 23:31:13.767864,1,47,524.78
PRD005,2025-01-07 23:31:13.767864,4,41,499.57
PRD005,2025-01-08 23:31:13.767864,2,20,545.59
PRD005,2025-01-09 23:31:13.767864,3,25,508.12
PRD005,2025-01-10 23:31:13.767864,3,13,511.2
PRD005,2025-01-11 23:31:13.767864,4,79,514.78
PRD005,2025-01-12 23:31:13.767864,6,25,501.77
PRD005,2025-01-13 23:31:13.767864,1,49,548.96
PRD005,2025-01-14 23:31:13.767864,3,46,509.66
PRD005,2025-01-15 23:31:13.767864,4,61,552.29
PRD005,2025-01-16 23:31:13.767864,3,28,530.12
PRD005,2025-01-17 23:31:13.767864,1,91,466.88
PRD005,2025-01-18 23:31:13.767864,6,31,483.49
PRD005,2025-01-19 23:31:13.767864,4,31,494.16
PRD005,2025-01-20 23:31:13.767864,1,37,491.83
PRD005,2025-01-21 23:31:13.767864,4,59,475.09
PRD005,2025-01-22 23:31:13.767864,1,81,487.06
PRD005,2025-01-23 23:31:13.767864,2,71,466.5
PRD005,2025-01-24 23:31:13.767864,2,61,483.91
PRD005,2025-01-25 23:31:13.767864,8,82,534.5
PRD005,2025-01-26 23:31:13.767864,2,49,531.07
PRD005,2025-01-27 23:31:13.767864,3,81,492.07
PRD005,2025-01-28 23:31:13.767864,1,78,530.8
PRD005,2025-01-29 23:31:13.767864,2,27,525.92
PRD005,2025-01-30 23:31:13.767864,4,71,540.39
PRD005,2025-01-31 23:31:13.767864,1,73,540.06
PRD005,2025-02-01 23:31:13.767864,3,49,534.17
PRD005,2025-02-02 23:31:13.767864,4,91,479.56
PRD005,2025-02-03 23:31:13.767864,1,91,493.09
PRD005,2025-02-04 23:31:13.767864,2,89,533.74
PRD005,2025-02-05 23:31:13.767864,0,78,525.68
PRD005,2025-02-06 23:31:13.767864,1,78,551.8
PRD005,2025-02-07 23:31:13.767864,4,42,470.48
PRD005,2025-02-08 23:31:13.767864,3,56,531.18
PRD005,2025-02-09 23:31:13.767864,2,79,533.98
PRD005,2025-02-10 23:31:13.767864,2,94,565.67
PRD005,2025-02-11 23:31:13.767864,1,61,486.32
PRD005,2025-02-12 23:31:13.767864,4,26,554.45
PRD005,2025-02-13 23:31:13.767864,2,55,479.72
PRD005,2025-02-14 23:31:13.767864,3,30,557.97
PRD005,2025-02-15 23:31:13.767864,5,94,544.76
PRD005,2025-02-16 23:31:13.767864,3,19,509.58
PRD005,2025-02-17 23:31:13.767864,0,59,487.7
PRD005,2025-02-18 23:31:13.767864,4,42,480.68
PRD005,2025-02-19 23:31:13.767864,4,76,532.58
PRD005,2025-02-20 23:31:13.767864,0,89,512.29
PRD005,2025-02-21 23:31:13.767864,4,27,486.2
PRD005,2025-02-22 23:31:13.767864,2,65,509.86
PRD005,2025-02-23 23:31:13.767864,5,87,516.25
PRD005,2025-02-24 23:31:13.767864,3,31,502.22
PRD005,2025-02-25 23:31:13.767864,2,44,487.32
PRD005,2025-02-26 23:31:13.767864,5,77,504.19
PRD005,2025-02-27 23:31:13.767864,2,40,548.33
PRD005,2025-02-28 23:31:13.767864,1,69,469.62
PRD005,2025-03-01 23:31:13.767864,3,60,496.18
PRD005,2025-03-02 23:31:13.767864,7,81,512.16
PRD005,2025-03-03 23:31:13.767864,2,18,480.19
PRD005,2025-03-04 23:31:13.767864,1,68,557.27
PRD005,2025-03-05 23:31:13.767864,3,20,556.63
PRD005,2025-03-06 23:31:13.767864,2,31,560.46
PRD005,2025-03-07 23:31:13.767864,3,47,519.24
PRD005,2025-03-08 23:31:13.767864,3,81,563.31
PRD005,2025-03-09 23:31:13.767864,5,73,495.4
PRD005,2025-03-10 23:31:13.767864,1,60,494.65
PRD005,2025-03-11 23:31:13.767864,2,93,549.57
PRD005,2025-03-12 23:31:13.767864,1,99,535.33
PRD005,2025-03-13 23:31:13.767864,1,88,512.26
PRD005,2025-03-14 23:31:13.767864,2,67,509.43
PRD005,2025-03-15 23:31:13.767864,5,44,502.53
PRD005,2025-03-16 23:31:13.767864,3,26,531.42
PRD005,2025-03-17 23:31:13.767864,3,97,467.35
PRD005,2025-03-18 23:31:13.767864,3,62,542.31
PRD005,2025-03-19 23:31:13.767864,0,33,481.7
PRD005,2025-03-20 23:31:13.767864,4,32,531.52
PRD005,2025-03-21 23:31:13.767864,4,67,497.31
PRD005,2025-03-22 23:31:13.767864,4,23,541.1
PRD005,2025-03-23 23:31:13.767864,5,56,521.55
PRD005,2025-03-24 23:31:13.767864,4,44,496.63
PRD005,2025-03-25 23:31:13.767864,2,38,493.51
PRD005,2025-03-26 23:31:13.767864,3,29,503.39
PRD005,2025-03-27 23:31:13.767864,5,28,513.87
PRD005,2025-03-28 23:31:13.767864,2,29,506.95
PRD005,2025-03-29 23:31:13.767864,4,96,563.16
PRD005,2025-03-30 23:31:13.767864,4,16,559.97
PRD005,2025-03-31 23:31:13.767864,1,88,520.5
PRD005,2025-04-01 23:31:13.767864,1,94,549.73
PRD005,2025-04-02 23:31:13.767864,1,91,562.38
PRD005,2025-04-03 23:31:13.767864,3,35,468.17
PRD005,2025-04-04 23:31:13.767864,5,46,519.25
PRD005,2025-04-05 23:31:13.767864,2,68,545.42
PRD005,2025-04-06 23:31:13.767864,7,64,490.83
PRD005,2025-04-07 23:31:13.767864,5,43,553.8
PRD005,2025-04-08 23:31:13.767864,3,43,498.86
PRD005,2025-04-09 23:31:13.767864,1,20,494.08
PRD005,2025-04-10 23:31:13.767864,1,27,558.82
PRD005,2025-04-11 23:31:13.767864,4,67,526.55
PRD005,2025-04-12 23:31:13.767864,3,93,489.92
PRD005,2025-04-13 23:31:13.767864,3,31,550.88
PRD005,2025-04-14 23:31:13.767864,4,50,531.47
PRD005,2025-04-15 23:31:13.767864,3,88,517.91
PRD005,2025-04-16 23:31:13.767864,4,29,545.27
PRD005,2025-04-17 23:31:13.767864,3,27,544.35
PRD005,2025-04-18 23:31:13.767864,1,26,560.75
PRD005,2025-04-19 23:31:13.767864,6,50,486.1
PRD005,2025-04-20 23:31:13.767864,6,54,533.78
PRD005,2025-04-21 23:31:13.767864,0,79,536.12
PRD005,2025-04-22 23:31:13.767864,1,71,522.17
PRD005,2025-04-23 23:31:13.767864,3,25,505.1
PRD005,2025-04-24 23:31:13.767864,2,19,487.19
PRD005,2025-04-25 23:31:13.767864,3,73,500.26
PRD005,2025-04-26 23:31:13.767864,7,31,526.29
PRD005,2025-04-27 23:31:13.767864,4,70,564.77
PRD005,2025-04-28 23:31:13.767864,3,53,528.86
PRD005,2025-04-29 23:31:13.767864,4,50,501.12
PRD005,2025-04-30 23:31:13.767864,5,40,508.78
PRD005,2025-05-01 23:31:13.767864,1,34,546.07
PRD005,2025-05-02 23:31:13.767864,4,54,554.67
PRD005,2025-05-03 23:31:13.767864,4,22,534.4
PRD005,2025-05-04 23:31:13.767864,3,21,476.63
PRD005,2025-05-05 23:31:13.767864,1,96,483.68
PRD005,2025-05-06 23:31:13.767864,1,84,477.0
PRD005,2025-05-07 23:31:13.767864,3,34,538.14
PRD005,2025-05-08 23:31:13.767864,1,23,524.38
PRD005,2025-05-09 23:31:13.767864,1,86,537.38
PRD005,2025-05-10 23:31:13.767864,2,98,480.51
PRD005,2025-05-11 23:31:13.767864,4,38,551.52
PRD005,2025-05-12 23:31:13.767864,0,46,531.29
PRD005,2025-05-13 23:31:13.767864,0,83,477.31
PRD005,2025-05-14 23:31:13.767864,1,82,468.43
PRD005,2025-05-15 23:31:13.767864,3,19,532.89
PRD005,2025-05-16 23:31:13.767864,1,22,548.63
PRD005,2025-05-17 23:31:13.767864,4,82,489.58
PRD005,2025-05-18 23:31:13.767864,7,20,474.3
PRD005,2025-05-19 23:31:13.767864,2,31,486.78
PRD005,2025-05-20 23:31:13.767864,2,56,548.11
PRD005,2025-05-21 23:31:13.767864,1,99,516.61
PRD005,2025-05-22 23:31:13.767864,4,16,473.08
PRD005,2025-05-23 23:31:13.767864,1,52,475.2
PRD005,2025-05-24 23:31:13.767864,3,63,538.23
PRD005,2025-05-25 23:31:13.767864,5,24,540.36
PRD005,2025-05-26 23:31:13.767864,4,43,550.03
PRD005,2025-05-27 23:31:13.767864,4,70,469.27
PRD005,2025-05-28 23:31:13.767864,3,24,485.06
PRD005,2025-05-29 23:31:13.767864,5,58,494.14
PRD005,2025-05-30 23:31:13.767864,1,67,466.66
PRD005,2025-05-31 23:31:13.767864,8,77,515.04
PRD006,2024-05-31 23:31:13.767864,14,79,112.99
PRD006,2024-06-01 23:31:13.767864,15,48,113.76
PRD006,2024-06-02 23:31:13.767864,16,7,110.9
PRD006,2024-06-03 23:31:13.767864,10,37,111.6
PRD006,2024-06-04 23:31:13.767864,9,27,121.88
PRD006,2024-06-05 23:31:13.767864,8,78,113.73
PRD006,2024-06-06 23:31:13.767864,8,65,108.05
PRD006,2024-06-07 23:31:13.767864,11,26,124.61
PRD006,2024-06-08 23:31:13.767864,15,52,125.16
PRD006,2024-06-09 23:31:13.767864,17,72,119.6
PRD006,2024-06-10 23:31:13.767864,10,30,114.53
PRD006,2024-06-11 23:31:13.767864,7,80,105.61
PRD006,2024-06-12 23:31:13.767864,10,17,108.15
PRD006,2024-06-13 23:31:13.767864,7,51,123.67
PRD006,2024-06-14 23:31:13.767864,11,21,110.6
PRD006,2024-06-15 23:31:13.767864,11,16,121.88
PRD006,2024-06-16 23:31:13.767864,19,48,112.15
PRD006,2024-06-17 23:31:13.767864,9,55,121.02
PRD006,2024-06-18 23:31:13.767864,12,71,103.52
PRD006,2024-06-19 23:31:13.767864,11,43,116.28
PRD006,2024-06-20 23:31:13.767864,9,33,116.39
PRD006,2024-06-21 23:31:13.767864,10,46,106.8
PRD006,2024-06-22 23:31:13.767864,15,5,122.93
PRD006,2024-06-23 23:31:13.767864,18,61,122.26
PRD006,2024-06-24 23:31:13.767864,9,78,111.4
PRD006,2024-06-25 23:31:13.767864,16,74,120.1
PRD006,2024-06-26 23:31:13.767864,9,64,107.52
PRD006,2024-06-27 23:31:13.767864,17,62,116.92
PRD006,2024-06-28 23:31:13.767864,14,20,111.04
PRD006,2024-06-29 23:31:13.767864,22,78,110.59
PRD006,2024-06-30 23:31:13.767864,18,40,122.59
PRD006,2024-07-01 23:31:13.767864,6,20,120.94
PRD006,2024-07-02 23:31:13.767864,9,32,114.42
PRD006,2024-07-03 23:31:13.767864,9,80,108.63
PRD006,2024-07-04 23:31:13.767864,12,31,106.12
PRD006,2024-07-05 23:31:13.767864,10,29,105.5
PRD006,2024-07-06 23:31:13.767864,16,12,118.73
PRD006,2024-07-07 23:31:13.767864,10,83,114.94
PRD006,2024-07-08 23:31:13.767864,8,65,125.07
PRD006,2024-07-09 23:31:13.767864,11,46,105.05
PRD006,2024-07-10 23:31:13.767864,10,26,119.26
PRD006,2024-07-11 23:31:13.767864,11,21,124.49
PRD006,2024-07-12 23:31:13.767864,9,68,109.53
PRD006,2024-07-13 23:31:13.767864,11,15,107.06
PRD006,2024-07-14 23:31:13.767864,14,65,123.6
PRD006,2024-07-15 23:31:13.767864,13,42,107.37
PRD006,2024-07-16 23:31:13.767864,12,15,103.48
PRD006,2024-07-17 23:31:13.767864,8,90,118.02
PRD006,2024-07-18 23:31:13.767864,7,88,116.98
PRD006,2024-07-19 23:31:13.767864,10,87,107.85
PRD006,2024-07-20 23:31:13.767864,12,39,113.42
PRD006,2024-07-21 23:31:13.767864,16,55,115.54
PRD006,2024-07-22 23:31:13.767864,8,46,103.81
PRD006,2024-07-23 23:31:13.767864,8,59,107.29
PRD006,2024-07-24 23:31:13.767864,10,39,120.46
PRD006,2024-07-25 23:31:13.767864,14,34,116.05
PRD006,2024-07-26 23:31:13.767864,12,12,104.47
PRD006,2024-07-27 23:31:13.767864,17,10,124.06
PRD006,2024-07-28 23:31:13.767864,17,13,125.36
PRD006,2024-07-29 23:31:13.767864,14,44,105.38
PRD006,2024-07-30 23:31:13.767864,9,15,109.59
PRD006,2024-07-31 23:31:13.767864,14,42,124.65
PRD006,2024-08-01 23:31:13.767864,8,66,117.15
PRD006,2024-08-02 23:31:13.767864,8,18,117.38
PRD006,2024-08-03 23:31:13.767864,17,43,108.89
PRD006,2024-08-04 23:31:13.767864,17,8,114.55
PRD006,2024-08-05 23:31:13.767864,9,65,116.35
PRD006,2024-08-06 23:31:13.767864,10,34,113.36
PRD006,2024-08-07 23:31:13.767864,9,61,109.85
PRD006,2024-08-08 23:31:13.767864,11,25,112.7
PRD006,2024-08-09 23:31:13.767864,9,15,103.12
PRD006,2024-08-10 23:31:13.767864,13,12,112.22
PRD006,2024-08-11 23:31:13.767864,16,44,119.96
PRD006,2024-08-12 23:31:13.767864,13,23,120.93
PRD006,2024-08-13 23:31:13.767864,13,15,108.12
PRD006,2024-08-14 23:31:13.767864,9,16,122.11
PRD006,2024-08-15 23:31:13.767864,13,14,112.2
PRD006,2024-08-16 23:31:13.767864,9,76,109.96
PRD006,2024-08-17 23:31:13.767864,13,23,122.23
PRD006,2024-08-18 23:31:13.767864,13,12,106.76
PRD006,2024-08-19 23:31:13.767864,7,77,122.79
PRD006,2024-08-20 23:31:13.767864,9,76,111.34
PRD006,2024-08-21 23:31:13.767864,11,87,104.55
PRD006,2024-08-22 23:31:13.767864,7,72,110.39
PRD006,2024-08-23 23:31:13.767864,10,74,119.96
PRD006,2024-08-24 23:31:13.767864,11,83,107.23
PRD006,2024-08-25 23:31:13.767864,22,45,109.81
PRD006,2024-08-26 23:31:13.767864,16,46,119.32
PRD006,2024-08-27 23:31:13.767864,16,4,118.3
PRD006,2024-08-28 23:31:13.767864,10,87,115.85
PRD006,2024-08-29 23:31:13.767864,14,24,108.43
PRD006,2024-08-30 23:31:13.767864,14,70,103.68
PRD006,2024-08-31 23:31:13.767864,15,27,109.47
PRD006,2024-09-01 23:31:13.767864,15,35,114.25
PRD006,2024-09-02 23:31:13.767864,10,41,124.47
PRD006,2024-09-03 23:31:13.767864,6,16,125.17
PRD006,2024-09-04 23:31:13.767864,8,38,114.12
PRD006,2024-09-05 23:31:13.767864,9,37,112.37
PRD006,2024-09-06 23:31:13.767864,8,68,105.87
PRD006,2024-09-07 23:31:13.767864,12,51,123.46
PRD006,2024-09-08 23:31:13.767864,17,81,111.33
PRD006,2024-09-09 23:31:13.767864,10,21,116.5
PRD006,2024-09-10 23:31:13.767864,8,13,113.5
PRD006,2024-09-11 23:31:13.767864,11,28,107.63
PRD006,2024-09-12 23:31:13.767864,9,71,121.35
PRD006,2024-09-13 23:31:13.767864,6,89,109.31
PRD006,2024-09-14 23:31:13.767864,17,16,124.82
PRD006,2024-09-15 23:31:13.767864,18,42,116.64
PRD006,2024-09-16 23:31:13.767864,11,26,105.16
PRD006,2024-09-17 23:31:13.767864,7,38,122.33
PRD006,2024-09-18 23:31:13.767864,8,78,111.61
PRD006,2024-09-19 23:31:13.767864,8,72,113.31
PRD006,2024-09-20 23:31:13.767864,6,67,105.48
PRD006,2024-09-21 23:31:13.767864,17,51,117.04
PRD006,2024-09-22 23:31:13.767864,14,7,121.77
PRD006,2024-09-23 23:31:13.767864,10,13,116.01
PRD006,2024-09-24 23:31:13.767864,7,46,111.49
PRD006,2024-09-25 23:31:13.767864,12,88,110.61
PRD006,2024-09-26 23:31:13.767864,10,33,113.59
PRD006,2024-09-27 23:31:13.767864,13,55,107.14
PRD006,2024-09-28 23:31:13.767864,16,49,123.34
PRD006,2024-09-29 23:31:13.767864,13,57,106.31
PRD006,2024-09-30 23:31:13.767864,11,72,119.56
PRD006,2024-10-01 23:31:13.767864,7,77,118.05
PRD006,2024-10-02 23:31:13.767864,6,93,117.23
PRD006,2024-10-03 23:31:13.767864,11,41,107.04
PRD006,2024-10-04 23:31:13.767864,9,38,107.82
PRD006,2024-10-05 23:31:13.767864,15,63,116.52
PRD006,2024-10-06 23:31:13.767864,14,48,122.9
PRD006,2024-10-07 23:31:13.767864,6,56,106.54
PRD006,2024-10-08 23:31:13.767864,10,77,103.55
PRD006,2024-10-09 23:31:13.767864,9,58,107.45
PRD006,2024-10-10 23:31:13.767864,12,68,107.32
PRD006,2024-10-11 23:31:13.767864,8,12,122.14
PRD006,2024-10-12 23:31:13.767864,16,73,109.92
PRD006,2024-10-13 23:31:13.767864,12,81,112.21
PRD006,2024-10-14 23:31:13.767864,10,26,123.89
PRD006,2024-10-15 23:31:13.767864,10,47,115.46
PRD006,2024-10-16 23:31:13.767864,9,23,117.12
PRD006,2024-10-17 23:31:13.767864,11,65,125.07
PRD006,2024-10-18 23:31:13.767864,10,28,107.11
PRD006,2024-10-19 23:31:13.767864,18,71,113.03
PRD006,2024-10-20 23:31:13.767864,12,30,110.15
PRD006,2024-10-21 23:31:13.767864,9,61,119.72
PRD006,2024-10-22 23:31:13.767864,11,86,119.97
PRD006,2024-10-23 23:31:13.767864,9,27,124.37
PRD006,2024-10-24 23:31:13.767864,10,71,110.55
PRD006,2024-10-25 23:31:13.767864,17,72,122.7
PRD006,2024-10-26 23:31:13.767864,23,38,119.0
PRD006,2024-10-27 23:31:13.767864,22,48,111.36
PRD006,2024-10-28 23:31:13.767864,13,23,103.42
PRD006,2024-10-29 23:31:13.767864,11,86,116.43
PRD006,2024-10-30 23:31:13.767864,11,40,114.8
PRD006,2024-10-31 23:31:13.767864,13,46,110.73
PRD006,2024-11-01 23:31:13.767864,11,72,118.78
PRD006,2024-11-02 23:31:13.767864,15,13,103.78
PRD006,2024-11-03 23:31:13.767864,16,52,103.66
PRD006,2024-11-04 23:31:13.767864,8,13,109.7
PRD006,2024-11-05 23:31:13.767864,7,33,120.93
PRD006,2024-11-06 23:31:13.767864,10,79,120.86
PRD006,2024-11-07 23:31:13.767864,11,33,112.86
PRD006,2024-11-08 23:31:13.767864,8,92,107.98
PRD006,2024-11-09 23:31:13.767864,10,22,107.38
PRD006,2024-11-10 23:31:13.767864,13,46,117.26
PRD006,2024-11-11 23:31:13.767864,12,74,104.8
PRD006,2024-11-12 23:31:13.767864,12,73,124.16
PRD006,2024-11-13 23:31:13.767864,7,88,119.64
PRD006,2024-11-14 23:31:13.767864,10,58,123.63
PRD006,2024-11-15 23:31:13.767864,12,34,106.31
PRD006,2024-11-16 23:31:13.767864,11,21,107.97
PRD006,2024-11-17 23:31:13.767864,17,82,121.97
PRD006,2024-11-18 23:31:13.767864,7,74,123.05
PRD006,2024-11-19 23:31:13.767864,8,80,123.24
PRD006,2024-11-20 23:31:13.767864,9,28,110.76
PRD006,2024-11-21 23:31:13.767864,11,76,107.25
PRD006,2024-11-22 23:31:13.767864,9,12,111.6
PRD006,2024-11-23 23:31:13.767864,14,36,109.15
PRD006,2024-11-24 23:31:13.767864,13,33,114.16
PRD006,2024-11-25 23:31:13.767864,13,12,108.94
PRD006,2024-11-26 23:31:13.767864,14,7,121.84
PRD006,2024-11-27 23:31:13.767864,14,23,111.66
PRD006,2024-11-28 23:31:13.767864,9,85,104.76
PRD006,2024-11-29 23:31:13.767864,11,83,106.02
PRD006,2024-11-30 23:31:13.767864,15,39,115.51
PRD006,2024-12-01 23:31:13.767864,15,20,104.02
PRD006,2024-12-02 23:31:13.767864,12,22,109.34
PRD006,2024-12-03 23:31:13.767864,7,73,106.95
PRD006,2024-12-04 23:31:13.767864,8,53,108.91
PRD006,2024-12-05 23:31:13.767864,10,82,109.12
PRD006,2024-12-06 23:31:13.767864,8,26,103.25
PRD006,2024-12-07 23:31:13.767864,12,34,113.37
PRD006,2024-12-08 23:31:13.767864,16,11,124.04
PRD006,2024-12-09 23:31:13.767864,8,54,116.32
PRD006,2024-12-10 23:31:13.767864,8,43,111.47
PRD006,2024-12-11 23:31:13.767864,8,15,117.81
PRD006,2024-12-12 23:31:13.767864,9,53,119.36
PRD006,2024-12-13 23:31:13.767864,11,61,108.46
PRD006,2024-12-14 23:31:13.767864,19,15,103.22
PRD006,2024-12-15 23:31:13.767864,13,30,104.85
PRD006,2024-12-16 23:31:13.767864,11,21,120.67
PRD006,2024-12-17 23:31:13.767864,11,50,116.33
PRD006,2024-12-18 23:31:13.767864,6,32,117.82
PRD006,2024-12-19 23:31:13.767864,9,27,118.89
PRD006,2024-12-20 23:31:13.767864,8,67,115.21
PRD006,2024-12-21 23:31:13.767864,17,47,106.7
PRD006,2024-12-22 23:31:13.767864,11,42,111.85
PRD006,2024-12-23 23:31:13.767864,11,56,108.63
PRD006,2024-12-24 23:31:13.767864,10,50,125.47
PRD006,2024-12-25 23:31:13.767864,9,32,105.28
PRD006,2024-12-26 23:31:13.767864,9,26,106.15
PRD006,2024-12-27 23:31:13.767864,14,68,124.72
PRD006,2024-12-28 23:31:13.767864,23,68,122.54
PRD006,2024-12-29 23:31:13.767864,21,37,119.48
PRD006,2024-12-30 23:31:13.767864,13,60,106.25
PRD006,2024-12-31 23:31:13.767864,9,60,108.66
PRD006,2025-01-01 23:31:13.767864,8,25,118.1
PRD006,2025-01-02 23:31:13.767864,7,41,107.74
PRD006,2025-01-03 23:31:13.767864,13,81,118.71
PRD006,2025-01-04 23:31:13.767864,16,34,120.73
PRD006,2025-01-05 23:31:13.767864,14,37,113.91
PRD006,2025-01-06 23:31:13.767864,11,49,106.72
PRD006,2025-01-07 23:31:13.767864,9,40,107.32
PRD006,2025-01-08 23:31:13.767864,10,36,122.62
PRD006,2025-01-09 23:31:13.767864,7,28,109.74
PRD006,2025-01-10 23:31:13.767864,8,14,121.71
PRD006,2025-01-11 23:31:13.767864,14,29,106.25
PRD006,2025-01-12 23:31:13.767864,14,32,122.72
PRD006,2025-01-13 23:31:13.767864,9,89,124.15
PRD006,2025-01-14 23:31:13.767864,9,39,122.61
PRD006,2025-01-15 23:31:13.767864,8,18,116.24
PRD006,2025-01-16 23:31:13.767864,8,58,111.94
PRD006,2025-01-17 23:31:13.767864,11,67,123.24
PRD006,2025-01-18 23:31:13.767864,15,25,125.45
PRD006,2025-01-19 23:31:13.767864,16,7,118.72
PRD006,2025-01-20 23:31:13.767864,8,81,124.82
PRD006,2025-01-21 23:31:13.767864,13,11,109.15
PRD006,2025-01-22 23:31:13.767864,9,58,119.18
PRD006,2025-01-23 23:31:13.767864,12,82,113.92
PRD006,2025-01-24 23:31:13.767864,10,35,113.79
PRD006,2025-01-25 23:31:13.767864,21,15,122.08
PRD006,2025-01-26 23:31:13.767864,22,58,111.7
PRD006,2025-01-27 23:31:13.767864,12,23,121.79
PRD006,2025-01-28 23:31:13.767864,12,32,122.75
PRD006,2025-01-29 23:31:13.767864,16,11,114.84
PRD006,2025-01-30 23:31:13.767864,14,26,108.76
PRD006,2025-01-31 23:31:13.767864,11,49,104.85
PRD006,2025-02-01 23:31:13.767864,14,53,123.83
PRD006,2025-02-02 23:31:13.767864,14,10,117.29
PRD006,2025-02-03 23:31:13.767864,7,90,110.07
PRD006,2025-02-04 23:31:13.767864,9,10,125.43
PRD006,2025-02-05 23:31:13.767864,10,87,109.81
PRD006,2025-02-06 23:31:13.767864,10,15,107.36
PRD006,2025-02-07 23:31:13.767864,8,51,107.91
PRD006,2025-02-08 23:31:13.767864,14,70,109.77
PRD006,2025-02-09 23:31:13.767864,17,28,104.77
PRD006,2025-02-10 23:31:13.767864,12,61,111.61
PRD006,2025-02-11 23:31:13.767864,11,36,114.54
PRD006,2025-02-12 23:31:13.767864,7,77,109.66
PRD006,2025-02-13 23:31:13.767864,10,24,113.63
PRD006,2025-02-14 23:31:13.767864,10,13,111.55
PRD006,2025-02-15 23:31:13.767864,14,47,120.54
PRD006,2025-02-16 23:31:13.767864,16,0,115.25
PRD006,2025-02-17 23:31:13.767864,10,75,118.48
PRD006,2025-02-18 23:31:13.767864,12,78,106.71
PRD006,2025-02-19 23:31:13.767864,6,74,112.2
PRD006,2025-02-20 23:31:13.767864,13,65,116.55
PRD006,2025-02-21 23:31:13.767864,11,54,121.57
PRD006,2025-02-22 23:31:13.767864,13,35,121.78
PRD006,2025-02-23 23:31:13.767864,17,9,123.72
PRD006,2025-02-24 23:31:13.767864,7,16,110.29
PRD006,2025-02-25 23:31:13.767864,13,20,119.43
PRD006,2025-02-26 23:31:13.767864,17,18,119.8
PRD006,2025-02-27 23:31:13.767864,13,76,110.98
PRD006,2025-02-28 23:31:13.767864,16,82,106.99
PRD006,2025-03-01 23:31:13.767864,11,36,124.44
PRD006,2025-03-02 23:31:13.767864,19,4,114.11
PRD006,2025-03-03 23:31:13.767864,10,23,111.83
PRD006,2025-03-04 23:31:13.767864,10,34,125.08
PRD006,2025-03-05 23:31:13.767864,12,40,119.02
PRD006,2025-03-06 23:31:13.767864,8,24,108.27
PRD006,2025-03-07 23:31:13.767864,8,21,112.15
PRD006,2025-03-08 23:31:13.767864,18,51,123.25
PRD006,2025-03-09 23:31:13.767864,17,63,103.45
PRD006,2025-03-10 23:31:13.767864,10,42,123.99
PRD006,2025-03-11 23:31:13.767864,10,16,116.13
PRD006,2025-03-12 23:31:13.767864,11,74,107.94
PRD006,2025-03-13 23:31:13.767864,8,78,122.85
PRD006,2025-03-14 23:31:13.767864,7,61,104.49
PRD006,2025-03-15 23:31:13.767864,16,56,102.97
PRD006,2025-03-16 23:31:13.767864,16,75,118.59
PRD006,2025-03-17 23:31:13.767864,11,84,114.47
PRD006,2025-03-18 23:31:13.767864,10,86,120.72
PRD006,2025-03-19 23:31:13.767864,7,39,102.83
PRD006,2025-03-20 23:31:13.767864,7,71,120.28
PRD006,2025-03-21 23:31:13.767864,8,15,105.62
PRD006,2025-03-22 23:31:13.767864,11,40,121.38
PRD006,2025-03-23 23:31:13.767864,14,8,118.5
PRD006,2025-03-24 23:31:13.767864,9,86,108.52
PRD006,2025-03-25 23:31:13.767864,9,12,123.95
PRD006,2025-03-26 23:31:13.767864,15,12,109.9
PRD006,2025-03-27 23:31:13.767864,10,47,108.84
PRD006,2025-03-28 23:31:13.767864,13,67,121.92
PRD006,2025-03-29 23:31:13.767864,18,14,114.98
PRD006,2025-03-30 23:31:13.767864,20,80,102.98
PRD006,2025-03-31 23:31:13.767864,12,5,114.23
PRD006,2025-04-01 23:31:13.767864,12,26,121.9
PRD006,2025-04-02 23:31:13.767864,11,50,104.61
PRD006,2025-04-03 23:31:13.767864,12,24,123.88
PRD006,2025-04-04 23:31:13.767864,8,37,115.07
PRD006,2025-04-05 23:31:13.767864,16,4,107.78
PRD006,2025-04-06 23:31:13.767864,16,79,103.79
PRD006,2025-04-07 23:31:13.767864,7,85,107.59
PRD006,2025-04-08 23:31:13.767864,8,61,121.75
PRD006,2025-04-09 23:31:13.767864,6,49,117.63
PRD006,2025-04-10 23:31:13.767864,10,25,105.89
PRD006,2025-04-11 23:31:13.767864,9,24,111.89
PRD006,2025-04-12 23:31:13.767864,14,49,124.72
PRD006,2025-04-13 23:31:13.767864,14,78,118.94
PRD006,2025-04-14 23:31:13.767864,10,56,108.15
PRD006,2025-04-15 23:31:13.767864,10,35,116.54
PRD006,2025-04-16 23:31:13.767864,9,63,104.66
PRD006,2025-04-17 23:31:13.767864,10,29,112.83
PRD006,2025-04-18 23:31:13.767864,12,54,108.83
PRD006,2025-04-19 23:31:13.767864,11,78,125.4
PRD006,2025-04-20 23:31:13.767864,15,16,105.1
PRD006,2025-04-21 23:31:13.767864,8,31,121.14
PRD006,2025-04-22 23:31:13.767864,10,23,121.4
PRD006,2025-04-23 23:31:13.767864,11,38,112.64
PRD006,2025-04-24 23:31:13.767864,12,15,110.53
PRD006,2025-04-25 23:31:13.767864,11,10,105.04
PRD006,2025-04-26 23:31:13.767864,15,53,114.52
PRD006,2025-04-27 23:31:13.767864,22,46,106.44
PRD006,2025-04-28 23:31:13.767864,14,67,124.24
PRD006,2025-04-29 23:31:13.767864,12,25,113.49
PRD006,2025-04-30 23:31:13.767864,14,39,123.6
PRD006,2025-05-01 23:31:13.767864,12,42,121.06
