product_id,date,sales_quantity,stock_level,price
PRD001,2024-05-22 08:51:18.467791,5,28,335.93
PRD001,2024-05-23 08:51:18.467791,7,88,349.3
PRD001,2024-05-24 08:51:18.467791,6,47,386.75
PRD001,2024-05-25 08:51:18.467791,15,37,333.33
PRD001,2024-05-26 08:51:18.467791,16,50,357.5
PRD001,2024-05-27 08:51:18.467791,10,78,324.16
PRD001,2024-05-28 08:51:18.467791,10,75,322.54
PRD001,2024-05-29 08:51:18.467791,7,23,340.01
PRD001,2024-05-30 08:51:18.467791,10,27,326.74
PRD001,2024-05-31 08:51:18.467791,7,64,392.47
PRD001,2024-06-01 08:51:18.467791,12,33,322.2
PRD001,2024-06-02 08:51:18.467791,7,81,365.26
PRD001,2024-06-03 08:51:18.467791,11,72,379.84
PRD001,2024-06-04 08:51:18.467791,7,82,362.58
PRD001,2024-06-05 08:51:18.467791,8,34,391.98
PRD001,2024-06-06 08:51:18.467791,5,17,354.07
PRD001,2024-06-07 08:51:18.467791,6,57,379.58
PRD001,2024-06-08 08:51:18.467791,9,18,370.97
PRD001,2024-06-09 08:51:18.467791,15,30,376.35
PRD001,2024-06-10 08:51:18.467791,6,15,344.7
PRD001,2024-06-11 08:51:18.467791,6,81,342.09
PRD001,2024-06-12 08:51:18.467791,5,30,388.04
PRD001,2024-06-13 08:51:18.467791,6,64,363.08
PRD001,2024-06-14 08:51:18.467791,6,32,392.28
PRD001,2024-06-15 08:51:18.467791,9,52,370.16
PRD001,2024-06-16 08:51:18.467791,12,24,347.95
PRD001,2024-06-17 08:51:18.467791,9,22,387.36
PRD001,2024-06-18 08:51:18.467791,8,31,340.09
PRD001,2024-06-19 08:51:18.467791,6,16,381.5
PRD001,2024-06-20 08:51:18.467791,7,63,363.66
PRD001,2024-06-21 08:51:18.467791,8,24,326.11
PRD001,2024-06-22 08:51:18.467791,11,12,344.92
PRD001,2024-06-23 08:51:18.467791,13,41,337.94
PRD001,2024-06-24 08:51:18.467791,10,43,390.16
PRD001,2024-06-25 08:51:18.467791,14,14,363.62
PRD001,2024-06-26 08:51:18.467791,11,86,392.49
PRD001,2024-06-27 08:51:18.467791,8,34,366.51
PRD001,2024-06-28 08:51:18.467791,13,7,339.53
PRD001,2024-06-29 08:51:18.467791,12,39,371.95
PRD001,2024-06-30 08:51:18.467791,16,72,347.17
PRD001,2024-07-01 08:51:18.467791,10,10,335.33
PRD001,2024-07-02 08:51:18.467791,10,83,384.88
PRD001,2024-07-03 08:51:18.467791,8,14,340.51
PRD001,2024-07-04 08:51:18.467791,7,27,379.16
PRD001,2024-07-05 08:51:18.467791,9,57,329.47
PRD001,2024-07-06 08:51:18.467791,13,16,381.04
PRD001,2024-07-07 08:51:18.467791,11,77,346.31
PRD001,2024-07-08 08:51:18.467791,10,33,342.92
PRD001,2024-07-09 08:51:18.467791,11,67,355.93
PRD001,2024-07-10 08:51:18.467791,7,34,327.16
PRD001,2024-07-11 08:51:18.467791,7,80,357.48
PRD001,2024-07-12 08:51:18.467791,10,71,348.59
PRD001,2024-07-13 08:51:18.467791,14,9,360.42
PRD001,2024-07-14 08:51:18.467791,10,80,379.56
PRD001,2024-07-15 08:51:18.467791,7,66,363.25
PRD001,2024-07-16 08:51:18.467791,7,24,389.6
PRD001,2024-07-17 08:51:18.467791,10,78,324.59
PRD001,2024-07-18 08:51:18.467791,7,52,366.09
PRD001,2024-07-19 08:51:18.467791,7,60,375.58
PRD001,2024-07-20 08:51:18.467791,9,36,357.87
PRD001,2024-07-21 08:51:18.467791,12,53,328.95
PRD001,2024-07-22 08:51:18.467791,9,13,359.13
PRD001,2024-07-23 08:51:18.467791,7,14,332.59
PRD001,2024-07-24 08:51:18.467791,7,80,344.84
PRD001,2024-07-25 08:51:18.467791,12,77,371.13
PRD001,2024-07-26 08:51:18.467791,10,11,382.37
PRD001,2024-07-27 08:51:18.467791,17,33,322.5
PRD001,2024-07-28 08:51:18.467791,14,32,388.24
PRD001,2024-07-29 08:51:18.467791,8,92,327.46
PRD001,2024-07-30 08:51:18.467791,9,38,359.01
PRD001,2024-07-31 08:51:18.467791,10,17,353.12
PRD001,2024-08-01 08:51:18.467791,6,91,357.11
PRD001,2024-08-02 08:51:18.467791,9,59,372.55
PRD001,2024-08-03 08:51:18.467791,11,39,339.17
PRD001,2024-08-04 08:51:18.467791,14,64,385.97
PRD001,2024-08-05 08:51:18.467791,8,75,380.12
PRD001,2024-08-06 08:51:18.467791,9,35,386.34
PRD001,2024-08-07 08:51:18.467791,5,90,344.73
PRD001,2024-08-08 08:51:18.467791,7,74,360.87
PRD001,2024-08-09 08:51:18.467791,7,76,338.48
PRD001,2024-08-10 08:51:18.467791,9,32,358.42
PRD001,2024-08-11 08:51:18.467791,10,64,369.88
PRD001,2024-08-12 08:51:18.467791,7,66,359.35
PRD001,2024-08-13 08:51:18.467791,9,12,333.72
PRD001,2024-08-14 08:51:18.467791,5,18,331.24
PRD001,2024-08-15 08:51:18.467791,9,68,353.83
PRD001,2024-08-16 08:51:18.467791,9,24,348.86
PRD001,2024-08-17 08:51:18.467791,9,20,342.79
PRD001,2024-08-18 08:51:18.467791,14,85,336.03
PRD001,2024-08-19 08:51:18.467791,10,28,365.11
PRD001,2024-08-20 08:51:18.467791,8,29,344.35
PRD001,2024-08-21 08:51:18.467791,7,17,335.69
PRD001,2024-08-22 08:51:18.467791,6,67,377.33
PRD001,2024-08-23 08:51:18.467791,8,57,348.13
PRD001,2024-08-24 08:51:18.467791,13,38,341.29
PRD001,2024-08-25 08:51:18.467791,18,31,333.78
PRD001,2024-08-26 08:51:18.467791,9,22,355.38
PRD001,2024-08-27 08:51:18.467791,12,79,332.96
PRD001,2024-08-28 08:51:18.467791,11,44,337.42
PRD001,2024-08-29 08:51:18.467791,14,26,378.76
PRD001,2024-08-30 08:51:18.467791,7,25,359.72
PRD001,2024-08-31 08:51:18.467791,15,51,373.95
PRD001,2024-09-01 08:51:18.467791,13,42,377.37
PRD001,2024-09-02 08:51:18.467791,7,22,371.07
PRD001,2024-09-03 08:51:18.467791,7,17,326.44
PRD001,2024-09-04 08:51:18.467791,8,64,359.14
PRD001,2024-09-05 08:51:18.467791,6,94,340.07
PRD001,2024-09-06 08:51:18.467791,10,56,333.93
PRD001,2024-09-07 08:51:18.467791,11,70,329.46
PRD001,2024-09-08 08:51:18.467791,10,25,351.88
PRD001,2024-09-09 08:51:18.467791,6,69,354.0
PRD001,2024-09-10 08:51:18.467791,6,74,342.88
PRD001,2024-09-11 08:51:18.467791,5,48,322.06
PRD001,2024-09-12 08:51:18.467791,7,90,388.38
PRD001,2024-09-13 08:51:18.467791,5,68,364.38
PRD001,2024-09-14 08:51:18.467791,11,58,347.37
PRD001,2024-09-15 08:51:18.467791,12,43,347.65
PRD001,2024-09-16 08:51:18.467791,6,86,376.69
PRD001,2024-09-17 08:51:18.467791,7,83,338.93
PRD001,2024-09-18 08:51:18.467791,8,52,369.4
PRD001,2024-09-19 08:51:18.467791,10,33,378.28
PRD001,2024-09-20 08:51:18.467791,5,30,351.78
PRD001,2024-09-21 08:51:18.467791,9,30,346.51
PRD001,2024-09-22 08:51:18.467791,13,46,377.61
PRD001,2024-09-23 08:51:18.467791,8,56,371.84
PRD001,2024-09-24 08:51:18.467791,10,19,391.91
PRD001,2024-09-25 08:51:18.467791,9,76,366.04
PRD001,2024-09-26 08:51:18.467791,10,49,357.99
PRD001,2024-09-27 08:51:18.467791,8,20,373.85
PRD001,2024-09-28 08:51:18.467791,11,15,335.32
PRD001,2024-09-29 08:51:18.467791,12,49,355.22
PRD001,2024-09-30 08:51:18.467791,10,85,378.78
PRD001,2024-10-01 08:51:18.467791,9,22,372.21
PRD001,2024-10-02 08:51:18.467791,7,19,364.79
PRD001,2024-10-03 08:51:18.467791,8,92,362.55
PRD001,2024-10-04 08:51:18.467791,9,22,349.19
PRD001,2024-10-05 08:51:18.467791,10,63,345.04
PRD001,2024-10-06 08:51:18.467791,10,26,326.75
PRD001,2024-10-07 08:51:18.467791,9,83,351.38
PRD001,2024-10-08 08:51:18.467791,9,78,377.98
PRD001,2024-10-09 08:51:18.467791,9,32,353.22
PRD001,2024-10-10 08:51:18.467791,6,86,326.97
PRD001,2024-10-11 08:51:18.467791,6,62,326.85
PRD001,2024-10-12 08:51:18.467791,12,53,342.22
PRD001,2024-10-13 08:51:18.467791,8,14,348.76
PRD001,2024-10-14 08:51:18.467791,7,62,347.93
PRD001,2024-10-15 08:51:18.467791,6,69,382.87
PRD001,2024-10-16 08:51:18.467791,9,91,328.25
PRD001,2024-10-17 08:51:18.467791,7,82,355.89
PRD001,2024-10-18 08:51:18.467791,8,88,376.49
PRD001,2024-10-19 08:51:18.467791,11,40,333.87
PRD001,2024-10-20 08:51:18.467791,12,33,390.25
PRD001,2024-10-21 08:51:18.467791,6,73,374.0
PRD001,2024-10-22 08:51:18.467791,7,33,354.58
PRD001,2024-10-23 08:51:18.467791,10,39,362.16
PRD001,2024-10-24 08:51:18.467791,6,15,361.81
PRD001,2024-10-25 08:51:18.467791,9,84,339.93
PRD001,2024-10-26 08:51:18.467791,14,26,392.17
PRD001,2024-10-27 08:51:18.467791,15,17,369.6
PRD001,2024-10-28 08:51:18.467791,10,11,376.12
PRD001,2024-10-29 08:51:18.467791,7,81,372.25
PRD001,2024-10-30 08:51:18.467791,9,28,332.79
PRD001,2024-10-31 08:51:18.467791,10,28,347.64
PRD001,2024-11-01 08:51:18.467791,8,88,373.45
PRD001,2024-11-02 08:51:18.467791,13,62,353.17
PRD001,2024-11-03 08:51:18.467791,14,53,386.17
PRD001,2024-11-04 08:51:18.467791,10,66,335.33
PRD001,2024-11-05 08:51:18.467791,9,58,341.06
PRD001,2024-11-06 08:51:18.467791,10,76,376.28
PRD001,2024-11-07 08:51:18.467791,5,76,385.2
PRD001,2024-11-08 08:51:18.467791,7,67,390.95
PRD001,2024-11-09 08:51:18.467791,15,46,382.07
PRD001,2024-11-10 08:51:18.467791,9,15,370.15
PRD001,2024-11-11 08:51:18.467791,8,28,350.89
PRD001,2024-11-12 08:51:18.467791,10,13,350.12
PRD001,2024-11-13 08:51:18.467791,9,63,345.29
PRD001,2024-11-14 08:51:18.467791,7,23,335.12
PRD001,2024-11-15 08:51:18.467791,9,20,372.75
PRD001,2024-11-16 08:51:18.467791,11,16,343.47
PRD001,2024-11-17 08:51:18.467791,14,83,342.6
PRD001,2024-11-18 08:51:18.467791,7,51,385.94
PRD001,2024-11-19 08:51:18.467791,7,68,357.08
PRD001,2024-11-20 08:51:18.467791,9,91,380.97
PRD001,2024-11-21 08:51:18.467791,9,68,348.1
PRD001,2024-11-22 08:51:18.467791,8,38,363.52
PRD001,2024-11-23 08:51:18.467791,10,74,379.76
PRD001,2024-11-24 08:51:18.467791,11,70,391.0
PRD001,2024-11-25 08:51:18.467791,10,31,322.53
PRD001,2024-11-26 08:51:18.467791,9,63,336.83
PRD001,2024-11-27 08:51:18.467791,10,25,354.02
PRD001,2024-11-28 08:51:18.467791,12,29,390.15
PRD001,2024-11-29 08:51:18.467791,7,81,327.32
PRD001,2024-11-30 08:51:18.467791,16,22,345.67
PRD001,2024-12-01 08:51:18.467791,9,66,377.69
PRD001,2024-12-02 08:51:18.467791,5,89,355.68
PRD001,2024-12-03 08:51:18.467791,6,73,368.01
PRD001,2024-12-04 08:51:18.467791,7,35,389.42
PRD001,2024-12-05 08:51:18.467791,8,38,358.4
PRD001,2024-12-06 08:51:18.467791,8,42,352.52
PRD001,2024-12-07 08:51:18.467791,9,62,352.63
PRD001,2024-12-08 08:51:18.467791,10,22,353.39
PRD001,2024-12-09 08:51:18.467791,6,77,322.74
PRD001,2024-12-10 08:51:18.467791,5,30,329.37
PRD001,2024-12-11 08:51:18.467791,9,49,362.39
PRD001,2024-12-12 08:51:18.467791,4,89,356.74
PRD001,2024-12-13 08:51:18.467791,7,70,364.03
PRD001,2024-12-14 08:51:18.467791,11,79,326.02
PRD001,2024-12-15 08:51:18.467791,9,85,383.67
PRD001,2024-12-16 08:51:18.467791,9,12,325.36
PRD001,2024-12-17 08:51:18.467791,7,63,340.82
PRD001,2024-12-18 08:51:18.467791,10,27,375.89
PRD001,2024-12-19 08:51:18.467791,6,24,385.93
PRD001,2024-12-20 08:51:18.467791,6,53,358.36
PRD001,2024-12-21 08:51:18.467791,13,23,362.97
PRD001,2024-12-22 08:51:18.467791,9,51,362.09
PRD001,2024-12-23 08:51:18.467791,8,35,324.34
PRD001,2024-12-24 08:51:18.467791,9,26,374.4
PRD001,2024-12-25 08:51:18.467791,10,38,389.57
PRD001,2024-12-26 08:51:18.467791,10,17,338.17
PRD001,2024-12-27 08:51:18.467791,7,57,332.54
PRD001,2024-12-28 08:51:18.467791,13,61,388.99
PRD001,2024-12-29 08:51:18.467791,12,30,355.85
PRD001,2024-12-30 08:51:18.467791,11,28,348.24
PRD001,2024-12-31 08:51:18.467791,13,24,344.52
PRD001,2025-01-01 08:51:18.467791,5,76,358.79
PRD001,2025-01-02 08:51:18.467791,8,70,321.53
PRD001,2025-01-03 08:51:18.467791,7,23,362.9
PRD001,2025-01-04 08:51:18.467791,9,25,368.28
PRD001,2025-01-05 08:51:18.467791,14,33,379.89
PRD001,2025-01-06 08:51:18.467791,11,52,386.95
PRD001,2025-01-07 08:51:18.467791,8,18,329.83
PRD001,2025-01-08 08:51:18.467791,6,59,330.34
PRD001,2025-01-09 08:51:18.467791,8,14,388.37
PRD001,2025-01-10 08:51:18.467791,8,69,337.31
PRD001,2025-01-11 08:51:18.467791,13,8,358.08
PRD001,2025-01-12 08:51:18.467791,12,88,336.19
PRD001,2025-01-13 08:51:18.467791,6,86,347.65
PRD001,2025-01-14 08:51:18.467791,5,70,360.32
PRD001,2025-01-15 08:51:18.467791,7,92,351.64
PRD001,2025-01-16 08:51:18.467791,9,64,339.86
PRD001,2025-01-17 08:51:18.467791,7,25,352.33
PRD001,2025-01-18 08:51:18.467791,13,57,359.09
PRD001,2025-01-19 08:51:18.467791,11,41,392.38
PRD001,2025-01-20 08:51:18.467791,8,55,384.81
PRD001,2025-01-21 08:51:18.467791,5,61,340.4
PRD001,2025-01-22 08:51:18.467791,9,25,350.52
PRD001,2025-01-23 08:51:18.467791,8,27,384.24
PRD001,2025-01-24 08:51:18.467791,8,80,336.65
PRD001,2025-01-25 08:51:18.467791,11,14,337.38
PRD001,2025-01-26 08:51:18.467791,14,84,327.21
PRD001,2025-01-27 08:51:18.467791,12,33,379.61
PRD001,2025-01-28 08:51:18.467791,13,69,336.08
PRD001,2025-01-29 08:51:18.467791,7,91,324.42
PRD001,2025-01-30 08:51:18.467791,9,21,362.14
PRD001,2025-01-31 08:51:18.467791,12,21,388.74
PRD001,2025-02-01 08:51:18.467791,10,33,341.43
PRD001,2025-02-02 08:51:18.467791,11,43,389.92
PRD001,2025-02-03 08:51:18.467791,6,39,360.06
PRD001,2025-02-04 08:51:18.467791,7,22,348.59
PRD001,2025-02-05 08:51:18.467791,5,71,344.74
PRD001,2025-02-06 08:51:18.467791,6,81,331.35
PRD001,2025-02-07 08:51:18.467791,8,33,360.33
PRD001,2025-02-08 08:51:18.467791,8,57,388.47
PRD001,2025-02-09 08:51:18.467791,10,10,348.25
PRD001,2025-02-10 08:51:18.467791,6,36,369.76
PRD001,2025-02-11 08:51:18.467791,10,84,348.32
PRD001,2025-02-12 08:51:18.467791,10,56,340.52
PRD001,2025-02-13 08:51:18.467791,7,92,381.73
PRD001,2025-02-14 08:51:18.467791,8,65,367.28
PRD001,2025-02-15 08:51:18.467791,11,57,322.72
PRD001,2025-02-16 08:51:18.467791,14,22,351.08
PRD001,2025-02-17 08:51:18.467791,8,92,372.85
PRD001,2025-02-18 08:51:18.467791,4,45,353.4
PRD001,2025-02-19 08:51:18.467791,6,24,331.12
PRD001,2025-02-20 08:51:18.467791,8,38,344.57
PRD001,2025-02-21 08:51:18.467791,6,38,387.98
PRD001,2025-02-22 08:51:18.467791,12,47,387.79
PRD001,2025-02-23 08:51:18.467791,9,20,322.29
PRD001,2025-02-24 08:51:18.467791,6,53,334.55
PRD001,2025-02-25 08:51:18.467791,12,29,391.55
PRD001,2025-02-26 08:51:18.467791,10,49,366.07
PRD001,2025-02-27 08:51:18.467791,8,84,357.95
PRD001,2025-02-28 08:51:18.467791,11,27,350.46
PRD001,2025-03-01 08:51:18.467791,12,45,384.79
PRD001,2025-03-02 08:51:18.467791,14,51,388.06
PRD001,2025-03-03 08:51:18.467791,7,88,360.54
PRD001,2025-03-04 08:51:18.467791,10,77,327.69
PRD001,2025-03-05 08:51:18.467791,9,52,391.12
PRD001,2025-03-06 08:51:18.467791,7,45,388.03
PRD001,2025-03-07 08:51:18.467791,7,74,382.69
PRD001,2025-03-08 08:51:18.467791,7,60,369.65
PRD001,2025-03-09 08:51:18.467791,12,23,340.91
PRD001,2025-03-10 08:51:18.467791,6,29,377.7
PRD001,2025-03-11 08:51:18.467791,7,81,321.35
PRD001,2025-03-12 08:51:18.467791,4,52,375.69
PRD001,2025-03-13 08:51:18.467791,6,58,335.3
PRD001,2025-03-14 08:51:18.467791,7,52,368.98
PRD001,2025-03-15 08:51:18.467791,13,71,330.24
PRD001,2025-03-16 08:51:18.467791,12,22,350.93
PRD001,2025-03-17 08:51:18.467791,9,53,380.95
PRD001,2025-03-18 08:51:18.467791,8,33,378.38
PRD001,2025-03-19 08:51:18.467791,9,53,362.01
PRD001,2025-03-20 08:51:18.467791,8,82,354.85
PRD001,2025-03-21 08:51:18.467791,7,88,371.15
PRD001,2025-03-22 08:51:18.467791,12,16,345.99
PRD001,2025-03-23 08:51:18.467791,8,33,343.39
PRD001,2025-03-24 08:51:18.467791,5,56,345.86
PRD001,2025-03-25 08:51:18.467791,10,89,360.86
PRD001,2025-03-26 08:51:18.467791,14,49,331.73
PRD001,2025-03-27 08:51:18.467791,12,8,333.0
PRD001,2025-03-28 08:51:18.467791,13,48,363.85
PRD001,2025-03-29 08:51:18.467791,14,35,380.18
PRD001,2025-03-30 08:51:18.467791,17,18,337.16
PRD001,2025-03-31 08:51:18.467791,8,35,379.94
PRD001,2025-04-01 08:51:18.467791,7,14,380.77
PRD001,2025-04-02 08:51:18.467791,11,77,371.16
PRD001,2025-04-03 08:51:18.467791,7,63,368.33
PRD001,2025-04-04 08:51:18.467791,9,35,371.73
PRD001,2025-04-05 08:51:18.467791,11,70,339.5
PRD001,2025-04-06 08:51:18.467791,11,23,376.45
PRD001,2025-04-07 08:51:18.467791,9,33,321.82
PRD001,2025-04-08 08:51:18.467791,9,35,366.94
PRD001,2025-04-09 08:51:18.467791,8,42,351.6
PRD001,2025-04-10 08:51:18.467791,7,28,356.19
PRD001,2025-04-11 08:51:18.467791,6,20,369.05
PRD001,2025-04-12 08:51:18.467791,10,49,335.16
PRD001,2025-04-13 08:51:18.467791,9,74,364.05
PRD001,2025-04-14 08:51:18.467791,6,55,343.87
PRD001,2025-04-15 08:51:18.467791,5,91,321.83
PRD001,2025-04-16 08:51:18.467791,9,91,346.73
PRD001,2025-04-17 08:51:18.467791,6,69,330.06
PRD001,2025-04-18 08:51:18.467791,8,23,370.55
PRD001,2025-04-19 08:51:18.467791,10,20,325.81
PRD001,2025-04-20 08:51:18.467791,12,38,321.2
PRD001,2025-04-21 08:51:18.467791,10,27,386.9
PRD001,2025-04-22 08:51:18.467791,6,21,338.83
PRD001,2025-04-23 08:51:18.467791,6,24,374.49
PRD001,2025-04-24 08:51:18.467791,8,40,327.01
PRD001,2025-04-25 08:51:18.467791,8,63,373.8
PRD001,2025-04-26 08:51:18.467791,20,25,389.87
PRD001,2025-04-27 08:51:18.467791,18,57,352.8
PRD001,2025-04-28 08:51:18.467791,10,34,349.48
PRD001,2025-04-29 08:51:18.467791,10,71,349.5
PRD001,2025-04-30 08:51:18.467791,6,23,373.34
PRD001,2025-05-01 08:51:18.467791,8,62,325.96
PRD001,2025-05-02 08:51:18.467791,10,16,325.79
PRD001,2025-05-03 08:51:18.467791,13,49,345.71
PRD001,2025-05-04 08:51:18.467791,13,24,332.99
PRD001,2025-05-05 08:51:18.467791,9,87,375.64
PRD001,2025-05-06 08:51:18.467791,8,28,340.86
PRD001,2025-05-07 08:51:18.467791,6,14,390.42
PRD001,2025-05-08 08:51:18.467791,8,22,338.05
PRD001,2025-05-09 08:51:18.467791,6,84,330.68
PRD001,2025-05-10 08:51:18.467791,14,75,379.59
PRD001,2025-05-11 08:51:18.467791,13,61,346.45
PRD001,2025-05-12 08:51:18.467791,8,49,338.74
PRD001,2025-05-13 08:51:18.467791,8,84,382.63
PRD001,2025-05-14 08:51:18.467791,10,77,376.56
PRD001,2025-05-15 08:51:18.467791,6,28,338.75
PRD001,2025-05-16 08:51:18.467791,9,37,392.03
PRD001,2025-05-17 08:51:18.467791,9,15,356.14
PRD001,2025-05-18 08:51:18.467791,13,69,329.6
PRD001,2025-05-19 08:51:18.467791,9,20,342.08
PRD001,2025-05-20 08:51:18.467791,9,61,325.52
PRD001,2025-05-21 08:51:18.467791,5,73,337.52
PRD001,2025-05-22 08:51:18.467791,10,74,373.72
PRD002,2024-05-22 08:51:18.467791,0,55,202.86
PRD002,2024-05-23 08:51:18.467791,1,19,230.84
PRD002,2024-05-24 08:51:18.467791,1,62,201.46
PRD002,2024-05-25 08:51:18.467791,4,66,211.03
PRD002,2024-05-26 08:51:18.467791,3,36,230.44
PRD002,2024-05-27 08:51:18.467791,2,50,230.93
PRD002,2024-05-28 08:51:18.467791,1,29,197.49
PRD002,2024-05-29 08:51:18.467791,3,24,216.11
PRD002,2024-05-30 08:51:18.467791,0,91,219.06
PRD002,2024-05-31 08:51:18.467791,0,99,197.01
PRD002,2024-06-01 08:51:18.467791,1,94,206.85
PRD002,2024-06-02 08:51:18.467791,0,71,198.45
PRD002,2024-06-03 08:51:18.467791,3,21,217.34
PRD002,2024-06-04 08:51:18.467791,0,90,207.42
PRD002,2024-06-05 08:51:18.467791,0,21,204.11
PRD002,2024-06-06 08:51:18.467791,3,86,207.98
PRD002,2024-06-07 08:51:18.467791,2,28,226.65
PRD002,2024-06-08 08:51:18.467791,0,20,228.7
PRD002,2024-06-09 08:51:18.467791,1,63,214.69
PRD002,2024-06-10 08:51:18.467791,0,18,213.14
PRD002,2024-06-11 08:51:18.467791,2,32,237.13
PRD002,2024-06-12 08:51:18.467791,0,73,217.8
PRD002,2024-06-13 08:51:18.467791,0,63,209.55
PRD002,2024-06-14 08:51:18.467791,0,41,235.58
PRD002,2024-06-15 08:51:18.467791,2,93,216.76
PRD002,2024-06-16 08:51:18.467791,0,26,228.6
PRD002,2024-06-17 08:51:18.467791,0,69,223.53
PRD002,2024-06-18 08:51:18.467791,1,25,231.97
PRD002,2024-06-19 08:51:18.467791,0,34,218.47
PRD002,2024-06-20 08:51:18.467791,3,76,205.59
PRD002,2024-06-21 08:51:18.467791,2,72,203.99
PRD002,2024-06-22 08:51:18.467791,1,31,210.83
PRD002,2024-06-23 08:51:18.467791,0,90,211.97
PRD002,2024-06-24 08:51:18.467791,0,64,195.08
PRD002,2024-06-25 08:51:18.467791,3,89,220.73
PRD002,2024-06-26 08:51:18.467791,2,85,226.34
PRD002,2024-06-27 08:51:18.467791,2,37,207.84
PRD002,2024-06-28 08:51:18.467791,1,19,236.04
PRD002,2024-06-29 08:51:18.467791,3,72,236.19
PRD002,2024-06-30 08:51:18.467791,1,42,199.58
PRD002,2024-07-01 08:51:18.467791,2,55,213.0
PRD002,2024-07-02 08:51:18.467791,2,27,228.8
PRD002,2024-07-03 08:51:18.467791,3,25,217.96
PRD002,2024-07-04 08:51:18.467791,3,24,196.41
PRD002,2024-07-05 08:51:18.467791,1,37,219.66
PRD002,2024-07-06 08:51:18.467791,0,87,203.08
PRD002,2024-07-07 08:51:18.467791,0,96,221.54
PRD002,2024-07-08 08:51:18.467791,2,20,200.04
PRD002,2024-07-09 08:51:18.467791,0,25,228.34
PRD002,2024-07-10 08:51:18.467791,2,44,203.13
PRD002,2024-07-11 08:51:18.467791,3,40,225.87
PRD002,2024-07-12 08:51:18.467791,3,55,194.94
PRD002,2024-07-13 08:51:18.467791,0,93,197.91
PRD002,2024-07-14 08:51:18.467791,1,70,198.91
PRD002,2024-07-15 08:51:18.467791,0,82,218.39
PRD002,2024-07-16 08:51:18.467791,2,93,215.02
PRD002,2024-07-17 08:51:18.467791,0,54,209.79
PRD002,2024-07-18 08:51:18.467791,3,19,230.17
PRD002,2024-07-19 08:51:18.467791,0,44,232.6
PRD002,2024-07-20 08:51:18.467791,0,25,235.91
PRD002,2024-07-21 08:51:18.467791,1,51,210.85
PRD002,2024-07-22 08:51:18.467791,0,64,228.27
PRD002,2024-07-23 08:51:18.467791,1,43,227.37
PRD002,2024-07-24 08:51:18.467791,2,36,214.74
PRD002,2024-07-25 08:51:18.467791,3,26,200.06
PRD002,2024-07-26 08:51:18.467791,2,66,209.73
PRD002,2024-07-27 08:51:18.467791,2,21,223.3
PRD002,2024-07-28 08:51:18.467791,1,19,202.25
PRD002,2024-07-29 08:51:18.467791,3,48,231.7
PRD002,2024-07-30 08:51:18.467791,2,81,231.26
PRD002,2024-07-31 08:51:18.467791,0,90,198.14
PRD002,2024-08-01 08:51:18.467791,3,44,200.48
PRD002,2024-08-02 08:51:18.467791,0,75,206.99
PRD002,2024-08-03 08:51:18.467791,0,44,201.45
PRD002,2024-08-04 08:51:18.467791,0,83,198.47
PRD002,2024-08-05 08:51:18.467791,0,48,198.45
PRD002,2024-08-06 08:51:18.467791,2,18,231.97
PRD002,2024-08-07 08:51:18.467791,1,88,224.13
PRD002,2024-08-08 08:51:18.467791,0,90,221.18
PRD002,2024-08-09 08:51:18.467791,1,21,229.87
PRD002,2024-08-10 08:51:18.467791,3,60,208.97
PRD002,2024-08-11 08:51:18.467791,0,42,216.36
PRD002,2024-08-12 08:51:18.467791,1,18,213.17
PRD002,2024-08-13 08:51:18.467791,1,98,209.63
PRD002,2024-08-14 08:51:18.467791,1,79,210.88
PRD002,2024-08-15 08:51:18.467791,1,27,224.75
PRD002,2024-08-16 08:51:18.467791,0,88,218.73
PRD002,2024-08-17 08:51:18.467791,0,52,196.49
PRD002,2024-08-18 08:51:18.467791,0,91,215.46
PRD002,2024-08-19 08:51:18.467791,1,47,206.31
PRD002,2024-08-20 08:51:18.467791,1,81,215.19
PRD002,2024-08-21 08:51:18.467791,1,45,226.52
PRD002,2024-08-22 08:51:18.467791,2,32,208.74
PRD002,2024-08-23 08:51:18.467791,0,20,222.67
PRD002,2024-08-24 08:51:18.467791,3,76,210.6
PRD002,2024-08-25 08:51:18.467791,1,85,230.19
PRD002,2024-08-26 08:51:18.467791,2,93,219.81
PRD002,2024-08-27 08:51:18.467791,0,87,236.93
PRD002,2024-08-28 08:51:18.467791,2,52,205.27
PRD002,2024-08-29 08:51:18.467791,1,22,206.57
PRD002,2024-08-30 08:51:18.467791,0,85,228.21
PRD002,2024-08-31 08:51:18.467791,1,76,222.66
PRD002,2024-09-01 08:51:18.467791,0,22,230.8
PRD002,2024-09-02 08:51:18.467791,3,29,225.44
PRD002,2024-09-03 08:51:18.467791,0,91,207.37
PRD002,2024-09-04 08:51:18.467791,0,89,236.16
PRD002,2024-09-05 08:51:18.467791,1,90,205.31
PRD002,2024-09-06 08:51:18.467791,2,78,196.33
PRD002,2024-09-07 08:51:18.467791,0,44,204.35
PRD002,2024-09-08 08:51:18.467791,2,19,218.3
PRD002,2024-09-09 08:51:18.467791,0,80,231.34
PRD002,2024-09-10 08:51:18.467791,3,22,199.18
PRD002,2024-09-11 08:51:18.467791,0,84,195.43
PRD002,2024-09-12 08:51:18.467791,2,90,232.8
PRD002,2024-09-13 08:51:18.467791,0,20,215.78
PRD002,2024-09-14 08:51:18.467791,3,95,219.51
PRD002,2024-09-15 08:51:18.467791,3,54,225.44
PRD002,2024-09-16 08:51:18.467791,1,26,218.1
PRD002,2024-09-17 08:51:18.467791,2,91,196.46
PRD002,2024-09-18 08:51:18.467791,0,22,212.34
PRD002,2024-09-19 08:51:18.467791,0,20,230.48
PRD002,2024-09-20 08:51:18.467791,1,46,198.43
PRD002,2024-09-21 08:51:18.467791,3,54,202.87
PRD002,2024-09-22 08:51:18.467791,2,92,220.23
PRD002,2024-09-23 08:51:18.467791,3,60,230.13
PRD002,2024-09-24 08:51:18.467791,0,28,223.09
PRD002,2024-09-25 08:51:18.467791,0,97,220.17
PRD002,2024-09-26 08:51:18.467791,0,20,222.12
PRD002,2024-09-27 08:51:18.467791,0,64,227.98
PRD002,2024-09-28 08:51:18.467791,1,52,220.95
PRD002,2024-09-29 08:51:18.467791,1,61,226.99
PRD002,2024-09-30 08:51:18.467791,3,41,198.32
PRD002,2024-10-01 08:51:18.467791,2,83,208.47
PRD002,2024-10-02 08:51:18.467791,0,35,223.75
PRD002,2024-10-03 08:51:18.467791,1,69,231.17
PRD002,2024-10-04 08:51:18.467791,0,24,227.66
PRD002,2024-10-05 08:51:18.467791,0,18,215.08
PRD002,2024-10-06 08:51:18.467791,0,54,232.05
PRD002,2024-10-07 08:51:18.467791,1,69,194.49
PRD002,2024-10-08 08:51:18.467791,0,30,210.51
PRD002,2024-10-09 08:51:18.467791,0,24,234.72
PRD002,2024-10-10 08:51:18.467791,0,76,208.56
PRD002,2024-10-11 08:51:18.467791,0,28,201.57
PRD002,2024-10-12 08:51:18.467791,3,43,198.08
PRD002,2024-10-13 08:51:18.467791,0,30,222.82
PRD002,2024-10-14 08:51:18.467791,0,37,199.23
PRD002,2024-10-15 08:51:18.467791,0,18,202.81
PRD002,2024-10-16 08:51:18.467791,0,26,237.42
PRD002,2024-10-17 08:51:18.467791,3,64,205.64
PRD002,2024-10-18 08:51:18.467791,2,60,228.64
PRD002,2024-10-19 08:51:18.467791,3,67,210.17
PRD002,2024-10-20 08:51:18.467791,0,34,221.7
PRD002,2024-10-21 08:51:18.467791,0,74,213.96
PRD002,2024-10-22 08:51:18.467791,1,24,206.34
PRD002,2024-10-23 08:51:18.467791,2,98,196.32
PRD002,2024-10-24 08:51:18.467791,0,84,206.27
PRD002,2024-10-25 08:51:18.467791,1,51,213.4
PRD002,2024-10-26 08:51:18.467791,0,65,203.74
PRD002,2024-10-27 08:51:18.467791,3,72,206.17
PRD002,2024-10-28 08:51:18.467791,0,22,201.7
PRD002,2024-10-29 08:51:18.467791,0,82,229.1
PRD002,2024-10-30 08:51:18.467791,2,59,237.13
PRD002,2024-10-31 08:51:18.467791,0,56,210.23
PRD002,2024-11-01 08:51:18.467791,3,80,217.59
PRD002,2024-11-02 08:51:18.467791,3,87,227.34
PRD002,2024-11-03 08:51:18.467791,1,31,218.86
PRD002,2024-11-04 08:51:18.467791,1,87,234.73
PRD002,2024-11-05 08:51:18.467791,0,55,223.85
PRD002,2024-11-06 08:51:18.467791,1,43,196.21
PRD002,2024-11-07 08:51:18.467791,0,48,215.14
PRD002,2024-11-08 08:51:18.467791,0,51,225.24
PRD002,2024-11-09 08:51:18.467791,2,70,226.11
PRD002,2024-11-10 08:51:18.467791,1,27,234.68
PRD002,2024-11-11 08:51:18.467791,3,28,236.36
PRD002,2024-11-12 08:51:18.467791,3,82,234.8
PRD002,2024-11-13 08:51:18.467791,0,50,232.1
PRD002,2024-11-14 08:51:18.467791,0,48,219.53
PRD002,2024-11-15 08:51:18.467791,3,24,198.58
PRD002,2024-11-16 08:51:18.467791,0,91,217.64
PRD002,2024-11-17 08:51:18.467791,2,79,229.5
PRD002,2024-11-18 08:51:18.467791,3,17,234.13
PRD002,2024-11-19 08:51:18.467791,1,36,206.57
PRD002,2024-11-20 08:51:18.467791,0,32,204.09
PRD002,2024-11-21 08:51:18.467791,3,68,206.58
PRD002,2024-11-22 08:51:18.467791,0,31,208.33
PRD002,2024-11-23 08:51:18.467791,2,51,234.08
PRD002,2024-11-24 08:51:18.467791,2,89,230.41
PRD002,2024-11-25 08:51:18.467791,3,24,236.02
PRD002,2024-11-26 08:51:18.467791,0,79,236.25
PRD002,2024-11-27 08:51:18.467791,0,22,199.68
PRD002,2024-11-28 08:51:18.467791,2,22,194.41
PRD002,2024-11-29 08:51:18.467791,3,30,216.6
PRD002,2024-11-30 08:51:18.467791,0,99,195.68
PRD002,2024-12-01 08:51:18.467791,2,68,228.89
PRD002,2024-12-02 08:51:18.467791,2,90,198.84
PRD002,2024-12-03 08:51:18.467791,1,36,236.48
PRD002,2024-12-04 08:51:18.467791,0,58,220.02
PRD002,2024-12-05 08:51:18.467791,0,97,204.29
PRD002,2024-12-06 08:51:18.467791,0,52,221.78
PRD002,2024-12-07 08:51:18.467791,1,23,231.02
PRD002,2024-12-08 08:51:18.467791,0,82,204.45
PRD002,2024-12-09 08:51:18.467791,2,92,222.03
PRD002,2024-12-10 08:51:18.467791,0,78,216.29
PRD002,2024-12-11 08:51:18.467791,0,47,219.81
PRD002,2024-12-12 08:51:18.467791,0,82,221.33
PRD002,2024-12-13 08:51:18.467791,1,54,210.77
PRD002,2024-12-14 08:51:18.467791,0,36,208.39
PRD002,2024-12-15 08:51:18.467791,2,29,229.38
PRD002,2024-12-16 08:51:18.467791,0,71,195.38
PRD002,2024-12-17 08:51:18.467791,0,59,220.79
PRD002,2024-12-18 08:51:18.467791,1,68,203.86
PRD002,2024-12-19 08:51:18.467791,1,26,208.56
PRD002,2024-12-20 08:51:18.467791,2,34,199.28
PRD002,2024-12-21 08:51:18.467791,0,49,206.93
PRD002,2024-12-22 08:51:18.467791,0,77,201.59
PRD002,2024-12-23 08:51:18.467791,1,69,199.91
PRD002,2024-12-24 08:51:18.467791,1,28,196.01
PRD002,2024-12-25 08:51:18.467791,2,22,223.69
PRD002,2024-12-26 08:51:18.467791,2,59,208.86
PRD002,2024-12-27 08:51:18.467791,0,67,208.73
PRD002,2024-12-28 08:51:18.467791,0,21,230.32
PRD002,2024-12-29 08:51:18.467791,1,20,222.45
PRD002,2024-12-30 08:51:18.467791,3,64,200.41
PRD002,2024-12-31 08:51:18.467791,0,58,211.77
PRD002,2025-01-01 08:51:18.467791,0,38,216.82
PRD002,2025-01-02 08:51:18.467791,2,37,216.22
PRD002,2025-01-03 08:51:18.467791,0,62,226.47
PRD002,2025-01-04 08:51:18.467791,0,96,199.86
PRD002,2025-01-05 08:51:18.467791,0,59,195.16
PRD002,2025-01-06 08:51:18.467791,1,44,227.88
PRD002,2025-01-07 08:51:18.467791,0,29,226.73
PRD002,2025-01-08 08:51:18.467791,1,40,232.07
PRD002,2025-01-09 08:51:18.467791,0,28,225.4
PRD002,2025-01-10 08:51:18.467791,2,73,214.49
PRD002,2025-01-11 08:51:18.467791,1,84,195.89
PRD002,2025-01-12 08:51:18.467791,0,97,211.98
PRD002,2025-01-13 08:51:18.467791,1,90,207.75
PRD002,2025-01-14 08:51:18.467791,0,48,218.93
PRD002,2025-01-15 08:51:18.467791,0,20,226.99
PRD002,2025-01-16 08:51:18.467791,1,53,199.03
PRD002,2025-01-17 08:51:18.467791,0,71,225.95
PRD002,2025-01-18 08:51:18.467791,0,58,204.66
PRD002,2025-01-19 08:51:18.467791,3,21,202.03
PRD002,2025-01-20 08:51:18.467791,0,53,213.18
PRD002,2025-01-21 08:51:18.467791,0,36,197.92
PRD002,2025-01-22 08:51:18.467791,2,35,210.22
PRD002,2025-01-23 08:51:18.467791,2,39,194.37
PRD002,2025-01-24 08:51:18.467791,0,55,223.31
PRD002,2025-01-25 08:51:18.467791,0,44,197.37
PRD002,2025-01-26 08:51:18.467791,0,40,205.11
PRD002,2025-01-27 08:51:18.467791,2,21,217.68
PRD002,2025-01-28 08:51:18.467791,3,19,205.89
PRD002,2025-01-29 08:51:18.467791,0,32,220.64
PRD002,2025-01-30 08:51:18.467791,3,70,198.55
PRD002,2025-01-31 08:51:18.467791,0,96,213.64
PRD002,2025-02-01 08:51:18.467791,2,54,195.24
PRD002,2025-02-02 08:51:18.467791,0,27,226.94
PRD002,2025-02-03 08:51:18.467791,1,25,217.83
PRD002,2025-02-04 08:51:18.467791,3,23,216.43
PRD002,2025-02-05 08:51:18.467791,0,51,225.53
PRD002,2025-02-06 08:51:18.467791,0,95,228.6
PRD002,2025-02-07 08:51:18.467791,0,73,218.37
PRD002,2025-02-08 08:51:18.467791,1,53,206.37
PRD002,2025-02-09 08:51:18.467791,0,34,223.73
PRD002,2025-02-10 08:51:18.467791,3,83,207.47
PRD002,2025-02-11 08:51:18.467791,1,54,222.44
PRD002,2025-02-12 08:51:18.467791,2,16,211.87
PRD002,2025-02-13 08:51:18.467791,0,96,235.59
PRD002,2025-02-14 08:51:18.467791,0,78,236.61
PRD002,2025-02-15 08:51:18.467791,0,29,196.56
PRD002,2025-02-16 08:51:18.467791,0,87,234.99
PRD002,2025-02-17 08:51:18.467791,2,48,198.78
PRD002,2025-02-18 08:51:18.467791,2,65,210.68
PRD002,2025-02-19 08:51:18.467791,2,24,222.97
PRD002,2025-02-20 08:51:18.467791,0,86,213.28
PRD002,2025-02-21 08:51:18.467791,3,95,199.3
PRD002,2025-02-22 08:51:18.467791,0,45,219.92
PRD002,2025-02-23 08:51:18.467791,1,32,224.24
PRD002,2025-02-24 08:51:18.467791,1,77,202.27
PRD002,2025-02-25 08:51:18.467791,1,83,199.67
PRD002,2025-02-26 08:51:18.467791,0,81,197.06
PRD002,2025-02-27 08:51:18.467791,3,88,221.71
PRD002,2025-02-28 08:51:18.467791,2,50,210.38
PRD002,2025-03-01 08:51:18.467791,3,29,221.76
PRD002,2025-03-02 08:51:18.467791,1,55,228.82
PRD002,2025-03-03 08:51:18.467791,0,30,220.98
PRD002,2025-03-04 08:51:18.467791,0,31,214.33
PRD002,2025-03-05 08:51:18.467791,0,26,227.97
PRD002,2025-03-06 08:51:18.467791,1,93,234.27
PRD002,2025-03-07 08:51:18.467791,0,28,208.82
PRD002,2025-03-08 08:51:18.467791,3,63,232.86
PRD002,2025-03-09 08:51:18.467791,0,33,197.14
PRD002,2025-03-10 08:51:18.467791,2,64,220.41
PRD002,2025-03-11 08:51:18.467791,3,30,207.1
PRD002,2025-03-12 08:51:18.467791,0,39,194.54
PRD002,2025-03-13 08:51:18.467791,2,51,232.16
PRD002,2025-03-14 08:51:18.467791,1,21,202.96
PRD002,2025-03-15 08:51:18.467791,0,78,197.39
PRD002,2025-03-16 08:51:18.467791,0,75,196.75
PRD002,2025-03-17 08:51:18.467791,2,48,203.45
PRD002,2025-03-18 08:51:18.467791,0,81,232.39
PRD002,2025-03-19 08:51:18.467791,1,55,217.82
PRD002,2025-03-20 08:51:18.467791,0,27,219.49
PRD002,2025-03-21 08:51:18.467791,1,77,218.11
PRD002,2025-03-22 08:51:18.467791,3,18,222.81
PRD002,2025-03-23 08:51:18.467791,0,34,221.97
PRD002,2025-03-24 08:51:18.467791,0,91,198.92
PRD002,2025-03-25 08:51:18.467791,3,54,201.45
PRD002,2025-03-26 08:51:18.467791,3,28,197.34
PRD002,2025-03-27 08:51:18.467791,2,98,207.97
PRD002,2025-03-28 08:51:18.467791,0,64,234.28
PRD002,2025-03-29 08:51:18.467791,0,71,194.72
PRD002,2025-03-30 08:51:18.467791,0,97,233.91
PRD002,2025-03-31 08:51:18.467791,0,43,222.34
PRD002,2025-04-01 08:51:18.467791,0,53,225.7
PRD002,2025-04-02 08:51:18.467791,0,28,235.03
PRD002,2025-04-03 08:51:18.467791,2,66,227.37
PRD002,2025-04-04 08:51:18.467791,0,66,235.15
PRD002,2025-04-05 08:51:18.467791,2,31,200.64
PRD002,2025-04-06 08:51:18.467791,0,79,213.55
PRD002,2025-04-07 08:51:18.467791,0,95,227.53
PRD002,2025-04-08 08:51:18.467791,1,29,195.63
PRD002,2025-04-09 08:51:18.467791,2,47,216.87
PRD002,2025-04-10 08:51:18.467791,2,22,194.53
PRD002,2025-04-11 08:51:18.467791,0,32,232.8
PRD002,2025-04-12 08:51:18.467791,1,82,218.23
PRD002,2025-04-13 08:51:18.467791,3,39,202.26
PRD002,2025-04-14 08:51:18.467791,1,58,223.7
PRD002,2025-04-15 08:51:18.467791,1,59,232.34
PRD002,2025-04-16 08:51:18.467791,1,92,209.86
PRD002,2025-04-17 08:51:18.467791,0,89,221.92
PRD002,2025-04-18 08:51:18.467791,1,93,195.7
PRD002,2025-04-19 08:51:18.467791,0,55,202.94
PRD002,2025-04-20 08:51:18.467791,3,73,234.84
PRD002,2025-04-21 08:51:18.467791,2,21,205.8
PRD002,2025-04-22 08:51:18.467791,0,76,201.99
PRD002,2025-04-23 08:51:18.467791,0,32,227.2
PRD002,2025-04-24 08:51:18.467791,1,83,219.5
PRD002,2025-04-25 08:51:18.467791,1,20,217.67
PRD002,2025-04-26 08:51:18.467791,4,50,204.66
PRD002,2025-04-27 08:51:18.467791,0,39,208.8
PRD002,2025-04-28 08:51:18.467791,3,46,235.12
PRD002,2025-04-29 08:51:18.467791,0,22,224.39
PRD002,2025-04-30 08:51:18.467791,2,91,197.72
PRD002,2025-05-01 08:51:18.467791,1,24,225.78
PRD002,2025-05-02 08:51:18.467791,0,35,227.06
PRD002,2025-05-03 08:51:18.467791,0,47,212.11
PRD002,2025-05-04 08:51:18.467791,0,98,202.72
PRD002,2025-05-05 08:51:18.467791,0,68,194.71
PRD002,2025-05-06 08:51:18.467791,2,77,219.15
PRD002,2025-05-07 08:51:18.467791,3,93,222.35
PRD002,2025-05-08 08:51:18.467791,0,43,211.29
PRD002,2025-05-09 08:51:18.467791,0,66,229.83
PRD002,2025-05-10 08:51:18.467791,0,89,209.64
PRD002,2025-05-11 08:51:18.467791,0,61,204.78
PRD002,2025-05-12 08:51:18.467791,0,84,226.38
PRD002,2025-05-13 08:51:18.467791,1,99,224.32
PRD002,2025-05-14 08:51:18.467791,2,29,203.56
PRD002,2025-05-15 08:51:18.467791,0,38,235.3
PRD002,2025-05-16 08:51:18.467791,3,85,217.0
PRD002,2025-05-17 08:51:18.467791,1,88,195.17
PRD002,2025-05-18 08:51:18.467791,3,85,232.85
PRD002,2025-05-19 08:51:18.467791,1,21,214.94
PRD002,2025-05-20 08:51:18.467791,0,83,224.08
PRD002,2025-05-21 08:51:18.467791,2,63,205.92
PRD002,2025-05-22 08:51:18.467791,2,95,223.76
PRD003,2024-05-22 08:51:18.467791,5,24,572.05
PRD003,2024-05-23 08:51:18.467791,5,81,562.1
PRD003,2024-05-24 08:51:18.467791,4,43,527.58
PRD003,2024-05-25 08:51:18.467791,10,24,571.41
PRD003,2024-05-26 08:51:18.467791,13,62,527.54
PRD003,2024-05-27 08:51:18.467791,6,14,521.98
PRD003,2024-05-28 08:51:18.467791,6,65,529.77
PRD003,2024-05-29 08:51:18.467791,8,33,553.05
PRD003,2024-05-30 08:51:18.467791,7,39,499.59
PRD003,2024-05-31 08:51:18.467791,8,54,496.13
PRD003,2024-06-01 08:51:18.467791,9,22,562.43
PRD003,2024-06-02 08:51:18.467791,10,36,518.78
PRD003,2024-06-03 08:51:18.467791,5,79,510.49
PRD003,2024-06-04 08:51:18.467791,2,70,541.81
PRD003,2024-06-05 08:51:18.467791,5,45,487.17
PRD003,2024-06-06 08:51:18.467791,9,82,556.31
PRD003,2024-06-07 08:51:18.467791,6,32,552.93
PRD003,2024-06-08 08:51:18.467791,11,82,577.92
PRD003,2024-06-09 08:51:18.467791,9,81,531.86
PRD003,2024-06-10 08:51:18.467791,8,91,583.12
PRD003,2024-06-11 08:51:18.467791,6,19,481.81
PRD003,2024-06-12 08:51:18.467791,7,59,558.8
PRD003,2024-06-13 08:51:18.467791,7,16,522.78
PRD003,2024-06-14 08:51:18.467791,4,88,572.24
PRD003,2024-06-15 08:51:18.467791,8,80,479.46
PRD003,2024-06-16 08:51:18.467791,5,42,484.18
PRD003,2024-06-17 08:51:18.467791,5,87,525.74
PRD003,2024-06-18 08:51:18.467791,2,23,539.63
PRD003,2024-06-19 08:51:18.467791,4,23,550.75
PRD003,2024-06-20 08:51:18.467791,8,92,489.04
PRD003,2024-06-21 08:51:18.467791,7,80,536.46
PRD003,2024-06-22 08:51:18.467791,8,77,498.62
PRD003,2024-06-23 08:51:18.467791,12,20,551.33
PRD003,2024-06-24 08:51:18.467791,7,28,574.94
PRD003,2024-06-25 08:51:18.467791,9,20,511.39
PRD003,2024-06-26 08:51:18.467791,7,45,523.88
PRD003,2024-06-27 08:51:18.467791,8,16,570.34
PRD003,2024-06-28 08:51:18.467791,6,78,565.69
PRD003,2024-06-29 08:51:18.467791,9,30,569.96
PRD003,2024-06-30 08:51:18.467791,12,3,528.28
PRD003,2024-07-01 08:51:18.467791,7,70,528.44
PRD003,2024-07-02 08:51:18.467791,6,77,542.93
PRD003,2024-07-03 08:51:18.467791,4,27,561.67
PRD003,2024-07-04 08:51:18.467791,6,16,498.59
PRD003,2024-07-05 08:51:18.467791,5,90,502.53
PRD003,2024-07-06 08:51:18.467791,8,54,542.0
PRD003,2024-07-07 08:51:18.467791,7,41,541.57
PRD003,2024-07-08 08:51:18.467791,6,52,491.12
PRD003,2024-07-09 08:51:18.467791,4,70,572.8
PRD003,2024-07-10 08:51:18.467791,6,78,508.31
PRD003,2024-07-11 08:51:18.467791,8,28,572.94
PRD003,2024-07-12 08:51:18.467791,5,43,499.76
PRD003,2024-07-13 08:51:18.467791,7,88,489.11
PRD003,2024-07-14 08:51:18.467791,9,34,489.24
PRD003,2024-07-15 08:51:18.467791,8,43,562.54
PRD003,2024-07-16 08:51:18.467791,4,49,558.51
PRD003,2024-07-17 08:51:18.467791,7,74,486.11
PRD003,2024-07-18 08:51:18.467791,5,26,538.81
PRD003,2024-07-19 08:51:18.467791,5,38,509.8
PRD003,2024-07-20 08:51:18.467791,6,77,555.35
PRD003,2024-07-21 08:51:18.467791,11,13,493.29
PRD003,2024-07-22 08:51:18.467791,6,71,540.76
PRD003,2024-07-23 08:51:18.467791,6,18,494.81
PRD003,2024-07-24 08:51:18.467791,4,84,553.73
PRD003,2024-07-25 08:51:18.467791,9,16,498.87
PRD003,2024-07-26 08:51:18.467791,7,28,582.1
PRD003,2024-07-27 08:51:18.467791,12,59,541.79
PRD003,2024-07-28 08:51:18.467791,9,56,578.5
PRD003,2024-07-29 08:51:18.467791,8,47,576.53
PRD003,2024-07-30 08:51:18.467791,9,52,485.08
PRD003,2024-07-31 08:51:18.467791,5,90,499.08
PRD003,2024-08-01 08:51:18.467791,6,79,563.12
PRD003,2024-08-02 08:51:18.467791,7,53,524.61
PRD003,2024-08-03 08:51:18.467791,7,28,510.64
PRD003,2024-08-04 08:51:18.467791,7,53,536.33
PRD003,2024-08-05 08:51:18.467791,8,25,549.25
PRD003,2024-08-06 08:51:18.467791,8,48,579.74
PRD003,2024-08-07 08:51:18.467791,5,82,526.77
PRD003,2024-08-08 08:51:18.467791,7,41,480.4
PRD003,2024-08-09 08:51:18.467791,7,21,546.48
PRD003,2024-08-10 08:51:18.467791,8,32,539.13
PRD003,2024-08-11 08:51:18.467791,8,80,526.15
PRD003,2024-08-12 08:51:18.467791,3,46,502.9
PRD003,2024-08-13 08:51:18.467791,5,83,551.41
PRD003,2024-08-14 08:51:18.467791,5,51,548.72
PRD003,2024-08-15 08:51:18.467791,8,88,573.33
PRD003,2024-08-16 08:51:18.467791,3,93,539.88
PRD003,2024-08-17 08:51:18.467791,10,36,500.78
PRD003,2024-08-18 08:51:18.467791,7,78,574.74
PRD003,2024-08-19 08:51:18.467791,6,37,551.03
PRD003,2024-08-20 08:51:18.467791,3,43,521.14
PRD003,2024-08-21 08:51:18.467791,5,57,487.75
PRD003,2024-08-22 08:51:18.467791,7,41,503.69
PRD003,2024-08-23 08:51:18.467791,7,35,574.76
PRD003,2024-08-24 08:51:18.467791,8,58,568.21
PRD003,2024-08-25 08:51:18.467791,15,34,500.7
PRD003,2024-08-26 08:51:18.467791,6,62,566.74
PRD003,2024-08-27 08:51:18.467791,8,88,563.85
PRD003,2024-08-28 08:51:18.467791,5,34,536.2
PRD003,2024-08-29 08:51:18.467791,6,24,515.89
PRD003,2024-08-30 08:51:18.467791,9,85,556.6
PRD003,2024-08-31 08:51:18.467791,9,80,486.03
PRD003,2024-09-01 08:51:18.467791,6,17,526.38
PRD003,2024-09-02 08:51:18.467791,6,30,492.85
PRD003,2024-09-03 08:51:18.467791,4,16,487.59
PRD003,2024-09-04 08:51:18.467791,5,54,557.29
PRD003,2024-09-05 08:51:18.467791,5,31,583.25
PRD003,2024-09-06 08:51:18.467791,8,55,539.5
PRD003,2024-09-07 08:51:18.467791,8,22,574.19
PRD003,2024-09-08 08:51:18.467791,7,38,491.03
PRD003,2024-09-09 08:51:18.467791,7,75,579.35
PRD003,2024-09-10 08:51:18.467791,3,29,478.52
PRD003,2024-09-11 08:51:18.467791,8,25,553.59
PRD003,2024-09-12 08:51:18.467791,4,43,539.22
PRD003,2024-09-13 08:51:18.467791,5,67,482.14
PRD003,2024-09-14 08:51:18.467791,10,68,482.8
PRD003,2024-09-15 08:51:18.467791,7,43,554.5
PRD003,2024-09-16 08:51:18.467791,4,93,541.45
PRD003,2024-09-17 08:51:18.467791,7,79,483.74
PRD003,2024-09-18 08:51:18.467791,5,92,491.54
PRD003,2024-09-19 08:51:18.467791,6,63,554.44
PRD003,2024-09-20 08:51:18.467791,7,23,556.87
PRD003,2024-09-21 08:51:18.467791,10,40,567.73
PRD003,2024-09-22 08:51:18.467791,10,28,554.35
PRD003,2024-09-23 08:51:18.467791,3,28,520.34
PRD003,2024-09-24 08:51:18.467791,8,90,487.36
PRD003,2024-09-25 08:51:18.467791,7,61,505.68
PRD003,2024-09-26 08:51:18.467791,8,17,509.18
PRD003,2024-09-27 08:51:18.467791,8,28,491.09
PRD003,2024-09-28 08:51:18.467791,12,50,561.35
PRD003,2024-09-29 08:51:18.467791,8,69,545.63
PRD003,2024-09-30 08:51:18.467791,5,45,499.37
PRD003,2024-10-01 08:51:18.467791,5,95,543.38
PRD003,2024-10-02 08:51:18.467791,2,87,515.29
PRD003,2024-10-03 08:51:18.467791,7,79,511.05
PRD003,2024-10-04 08:51:18.467791,8,23,560.65
PRD003,2024-10-05 08:51:18.467791,7,43,536.9
PRD003,2024-10-06 08:51:18.467791,10,80,538.31
PRD003,2024-10-07 08:51:18.467791,7,63,519.48
PRD003,2024-10-08 08:51:18.467791,8,83,529.9
PRD003,2024-10-09 08:51:18.467791,6,66,537.48
PRD003,2024-10-10 08:51:18.467791,7,79,554.96
PRD003,2024-10-11 08:51:18.467791,7,22,527.25
PRD003,2024-10-12 08:51:18.467791,8,26,541.07
PRD003,2024-10-13 08:51:18.467791,11,75,514.36
PRD003,2024-10-14 08:51:18.467791,4,22,538.22
PRD003,2024-10-15 08:51:18.467791,8,45,536.67
PRD003,2024-10-16 08:51:18.467791,5,63,579.16
PRD003,2024-10-17 08:51:18.467791,8,20,580.07
PRD003,2024-10-18 08:51:18.467791,7,30,554.69
PRD003,2024-10-19 08:51:18.467791,9,74,497.1
PRD003,2024-10-20 08:51:18.467791,9,40,565.84
PRD003,2024-10-21 08:51:18.467791,5,38,520.67
PRD003,2024-10-22 08:51:18.467791,7,37,492.04
PRD003,2024-10-23 08:51:18.467791,8,42,495.33
PRD003,2024-10-24 08:51:18.467791,7,28,577.82
PRD003,2024-10-25 08:51:18.467791,10,32,560.34
PRD003,2024-10-26 08:51:18.467791,8,11,490.03
PRD003,2024-10-27 08:51:18.467791,12,43,518.3
PRD003,2024-10-28 08:51:18.467791,4,62,581.98
PRD003,2024-10-29 08:51:18.467791,7,17,546.2
PRD003,2024-10-30 08:51:18.467791,5,43,530.6
PRD003,2024-10-31 08:51:18.467791,8,51,532.62
PRD003,2024-11-01 08:51:18.467791,3,28,564.25
PRD003,2024-11-02 08:51:18.467791,7,18,581.25
PRD003,2024-11-03 08:51:18.467791,6,23,516.86
PRD003,2024-11-04 08:51:18.467791,4,60,490.57
PRD003,2024-11-05 08:51:18.467791,4,82,519.4
PRD003,2024-11-06 08:51:18.467791,6,18,511.51
PRD003,2024-11-07 08:51:18.467791,3,23,539.82
PRD003,2024-11-08 08:51:18.467791,7,18,528.21
PRD003,2024-11-09 08:51:18.467791,9,23,541.73
PRD003,2024-11-10 08:51:18.467791,10,23,545.65
PRD003,2024-11-11 08:51:18.467791,3,20,490.37
PRD003,2024-11-12 08:51:18.467791,4,40,531.54
PRD003,2024-11-13 08:51:18.467791,7,88,559.21
PRD003,2024-11-14 08:51:18.467791,3,21,582.84
PRD003,2024-11-15 08:51:18.467791,9,45,481.16
PRD003,2024-11-16 08:51:18.467791,11,34,519.63
PRD003,2024-11-17 08:51:18.467791,9,59,578.26
PRD003,2024-11-18 08:51:18.467791,8,90,487.01
PRD003,2024-11-19 08:51:18.467791,9,29,576.19
PRD003,2024-11-20 08:51:18.467791,6,36,563.29
PRD003,2024-11-21 08:51:18.467791,5,70,581.61
PRD003,2024-11-22 08:51:18.467791,4,59,556.86
PRD003,2024-11-23 08:51:18.467791,9,24,503.13
PRD003,2024-11-24 08:51:18.467791,9,52,576.77
PRD003,2024-11-25 08:51:18.467791,6,54,546.51
PRD003,2024-11-26 08:51:18.467791,6,47,485.92
PRD003,2024-11-27 08:51:18.467791,10,28,492.58
PRD003,2024-11-28 08:51:18.467791,6,21,515.89
PRD003,2024-11-29 08:51:18.467791,5,22,558.58
PRD003,2024-11-30 08:51:18.467791,9,50,530.79
PRD003,2024-12-01 08:51:18.467791,9,31,576.81
PRD003,2024-12-02 08:51:18.467791,8,25,514.83
PRD003,2024-12-03 08:51:18.467791,7,20,544.21
PRD003,2024-12-04 08:51:18.467791,4,96,538.38
PRD003,2024-12-05 08:51:18.467791,2,46,522.6
PRD003,2024-12-06 08:51:18.467791,6,30,506.59
PRD003,2024-12-07 08:51:18.467791,11,50,514.54
PRD003,2024-12-08 08:51:18.467791,7,18,558.35
PRD003,2024-12-09 08:51:18.467791,2,84,552.08
PRD003,2024-12-10 08:51:18.467791,4,56,518.12
PRD003,2024-12-11 08:51:18.467791,7,29,498.8
PRD003,2024-12-12 08:51:18.467791,3,50,483.33
PRD003,2024-12-13 08:51:18.467791,6,78,576.43
PRD003,2024-12-14 08:51:18.467791,8,12,493.03
PRD003,2024-12-15 08:51:18.467791,7,13,490.83
PRD003,2024-12-16 08:51:18.467791,5,25,495.48
PRD003,2024-12-17 08:51:18.467791,8,83,495.6
PRD003,2024-12-18 08:51:18.467791,4,31,552.28
PRD003,2024-12-19 08:51:18.467791,7,14,580.1
PRD003,2024-12-20 08:51:18.467791,3,97,510.37
PRD003,2024-12-21 08:51:18.467791,10,84,480.97
PRD003,2024-12-22 08:51:18.467791,10,20,561.25
PRD003,2024-12-23 08:51:18.467791,6,47,540.24
PRD003,2024-12-24 08:51:18.467791,6,42,543.32
PRD003,2024-12-25 08:51:18.467791,6,26,481.22
PRD003,2024-12-26 08:51:18.467791,7,38,504.15
PRD003,2024-12-27 08:51:18.467791,8,63,534.07
PRD003,2024-12-28 08:51:18.467791,10,18,571.12
PRD003,2024-12-29 08:51:18.467791,10,16,497.11
PRD003,2024-12-30 08:51:18.467791,7,46,543.76
PRD003,2024-12-31 08:51:18.467791,4,77,506.6
PRD003,2025-01-01 08:51:18.467791,7,36,519.74
PRD003,2025-01-02 08:51:18.467791,3,45,583.4
PRD003,2025-01-03 08:51:18.467791,4,70,511.24
PRD003,2025-01-04 08:51:18.467791,6,61,582.48
PRD003,2025-01-05 08:51:18.467791,8,78,550.34
PRD003,2025-01-06 08:51:18.467791,3,26,517.38
PRD003,2025-01-07 08:51:18.467791,4,60,531.33
PRD003,2025-01-08 08:51:18.467791,2,24,579.1
PRD003,2025-01-09 08:51:18.467791,6,39,583.64
PRD003,2025-01-10 08:51:18.467791,5,80,522.28
PRD003,2025-01-11 08:51:18.467791,8,83,496.27
PRD003,2025-01-12 08:51:18.467791,8,70,522.76
PRD003,2025-01-13 08:51:18.467791,5,63,554.77
PRD003,2025-01-14 08:51:18.467791,7,92,521.38
PRD003,2025-01-15 08:51:18.467791,5,63,507.67
PRD003,2025-01-16 08:51:18.467791,5,36,566.68
PRD003,2025-01-17 08:51:18.467791,6,24,547.5
PRD003,2025-01-18 08:51:18.467791,6,44,543.84
PRD003,2025-01-19 08:51:18.467791,6,28,562.8
PRD003,2025-01-20 08:51:18.467791,3,97,517.43
PRD003,2025-01-21 08:51:18.467791,7,65,577.47
PRD003,2025-01-22 08:51:18.467791,6,90,513.33
PRD003,2025-01-23 08:51:18.467791,6,89,481.39
PRD003,2025-01-24 08:51:18.467791,3,30,539.28
PRD003,2025-01-25 08:51:18.467791,7,88,480.42
PRD003,2025-01-26 08:51:18.467791,10,82,544.36
PRD003,2025-01-27 08:51:18.467791,7,86,549.12
PRD003,2025-01-28 08:51:18.467791,9,57,578.83
PRD003,2025-01-29 08:51:18.467791,4,19,571.2
PRD003,2025-01-30 08:51:18.467791,8,12,551.22
PRD003,2025-01-31 08:51:18.467791,6,30,572.64
PRD003,2025-02-01 08:51:18.467791,12,10,528.39
PRD003,2025-02-02 08:51:18.467791,11,12,550.75
PRD003,2025-02-03 08:51:18.467791,5,16,502.71
PRD003,2025-02-04 08:51:18.467791,5,33,559.26
PRD003,2025-02-05 08:51:18.467791,5,23,542.55
PRD003,2025-02-06 08:51:18.467791,3,17,485.41
PRD003,2025-02-07 08:51:18.467791,5,72,517.35
PRD003,2025-02-08 08:51:18.467791,9,64,561.58
PRD003,2025-02-09 08:51:18.467791,8,41,493.34
PRD003,2025-02-10 08:51:18.467791,5,92,537.27
PRD003,2025-02-11 08:51:18.467791,4,88,538.86
PRD003,2025-02-12 08:51:18.467791,7,66,531.55
PRD003,2025-02-13 08:51:18.467791,4,89,553.22
PRD003,2025-02-14 08:51:18.467791,7,47,507.75
PRD003,2025-02-15 08:51:18.467791,9,73,544.91
PRD003,2025-02-16 08:51:18.467791,9,91,541.47
PRD003,2025-02-17 08:51:18.467791,4,60,544.1
PRD003,2025-02-18 08:51:18.467791,4,60,536.28
PRD003,2025-02-19 08:51:18.467791,6,63,534.78
PRD003,2025-02-20 08:51:18.467791,3,96,568.11
PRD003,2025-02-21 08:51:18.467791,6,78,525.54
PRD003,2025-02-22 08:51:18.467791,5,88,488.4
PRD003,2025-02-23 08:51:18.467791,8,35,549.1
PRD003,2025-02-24 08:51:18.467791,7,18,515.86
PRD003,2025-02-25 08:51:18.467791,6,72,542.52
PRD003,2025-02-26 08:51:18.467791,4,24,540.69
PRD003,2025-02-27 08:51:18.467791,9,56,520.85
PRD003,2025-02-28 08:51:18.467791,6,20,551.03
PRD003,2025-03-01 08:51:18.467791,10,52,493.67
PRD003,2025-03-02 08:51:18.467791,5,30,567.55
PRD003,2025-03-03 08:51:18.467791,3,63,567.59
PRD003,2025-03-04 08:51:18.467791,5,86,524.32
PRD003,2025-03-05 08:51:18.467791,7,45,486.6
PRD003,2025-03-06 08:51:18.467791,3,88,541.45
PRD003,2025-03-07 08:51:18.467791,6,72,579.8
PRD003,2025-03-08 08:51:18.467791,9,14,500.49
PRD003,2025-03-09 08:51:18.467791,7,66,545.18
PRD003,2025-03-10 08:51:18.467791,5,84,577.33
PRD003,2025-03-11 08:51:18.467791,7,43,582.5
PRD003,2025-03-12 08:51:18.467791,5,23,562.6
PRD003,2025-03-13 08:51:18.467791,6,50,571.74
PRD003,2025-03-14 08:51:18.467791,5,77,486.09
PRD003,2025-03-15 08:51:18.467791,8,41,561.96
PRD003,2025-03-16 08:51:18.467791,6,23,488.48
PRD003,2025-03-17 08:51:18.467791,3,54,545.4
PRD003,2025-03-18 08:51:18.467791,6,36,493.03
PRD003,2025-03-19 08:51:18.467791,5,62,547.63
PRD003,2025-03-20 08:51:18.467791,7,17,514.52
PRD003,2025-03-21 08:51:18.467791,5,25,558.63
PRD003,2025-03-22 08:51:18.467791,9,88,574.33
PRD003,2025-03-23 08:51:18.467791,10,58,512.51
PRD003,2025-03-24 08:51:18.467791,5,79,527.44
PRD003,2025-03-25 08:51:18.467791,8,88,559.37
PRD003,2025-03-26 08:51:18.467791,6,35,536.8
PRD003,2025-03-27 08:51:18.467791,7,29,563.23
PRD003,2025-03-28 08:51:18.467791,11,29,569.33
PRD003,2025-03-29 08:51:18.467791,13,86,517.01
PRD003,2025-03-30 08:51:18.467791,14,57,580.78
PRD003,2025-03-31 08:51:18.467791,5,35,577.26
PRD003,2025-04-01 08:51:18.467791,5,63,526.26
PRD003,2025-04-02 08:51:18.467791,7,83,481.55
PRD003,2025-04-03 08:51:18.467791,4,92,568.9
PRD003,2025-04-04 08:51:18.467791,2,36,491.46
PRD003,2025-04-05 08:51:18.467791,8,12,557.34
PRD003,2025-04-06 08:51:18.467791,7,88,545.71
PRD003,2025-04-07 08:51:18.467791,4,53,483.98
PRD003,2025-04-08 08:51:18.467791,5,78,505.79
PRD003,2025-04-09 08:51:18.467791,7,35,531.78
PRD003,2025-04-10 08:51:18.467791,5,54,518.58
PRD003,2025-04-11 08:51:18.467791,6,19,501.01
PRD003,2025-04-12 08:51:18.467791,10,40,504.91
PRD003,2025-04-13 08:51:18.467791,9,71,483.89
PRD003,2025-04-14 08:51:18.467791,5,21,561.59
PRD003,2025-04-15 08:51:18.467791,7,70,530.66
PRD003,2025-04-16 08:51:18.467791,7,92,557.38
PRD003,2025-04-17 08:51:18.467791,7,30,494.21
PRD003,2025-04-18 08:51:18.467791,8,32,510.59
PRD003,2025-04-19 08:51:18.467791,11,17,565.41
PRD003,2025-04-20 08:51:18.467791,8,66,516.77
PRD003,2025-04-21 08:51:18.467791,7,70,580.07
PRD003,2025-04-22 08:51:18.467791,4,23,554.62
PRD003,2025-04-23 08:51:18.467791,7,31,551.46
PRD003,2025-04-24 08:51:18.467791,6,59,498.95
PRD003,2025-04-25 08:51:18.467791,8,45,537.3
PRD003,2025-04-26 08:51:18.467791,9,40,538.89
PRD003,2025-04-27 08:51:18.467791,13,9,488.92
PRD003,2025-04-28 08:51:18.467791,9,80,488.57
PRD003,2025-04-29 08:51:18.467791,10,5,530.83
PRD003,2025-04-30 08:51:18.467791,8,12,570.68
PRD003,2025-05-01 08:51:18.467791,6,56,569.98
PRD003,2025-05-02 08:51:18.467791,4,78,532.74
PRD003,2025-05-03 08:51:18.467791,7,88,578.5
PRD003,2025-05-04 08:51:18.467791,7,89,513.13
PRD003,2025-05-05 08:51:18.467791,4,92,514.48
PRD003,2025-05-06 08:51:18.467791,7,71,537.63
PRD003,2025-05-07 08:51:18.467791,6,29,513.02
PRD003,2025-05-08 08:51:18.467791,3,93,499.56
PRD003,2025-05-09 08:51:18.467791,6,18,500.54
PRD003,2025-05-10 08:51:18.467791,9,30,489.2
PRD003,2025-05-11 08:51:18.467791,10,52,507.03
PRD003,2025-05-12 08:51:18.467791,7,29,553.05
PRD003,2025-05-13 08:51:18.467791,5,34,557.5
PRD003,2025-05-14 08:51:18.467791,5,39,510.0
PRD003,2025-05-15 08:51:18.467791,8,59,540.25
PRD003,2025-05-16 08:51:18.467791,9,52,512.23
PRD003,2025-05-17 08:51:18.467791,7,76,583.68
PRD003,2025-05-18 08:51:18.467791,9,56,513.41
PRD003,2025-05-19 08:51:18.467791,4,26,568.42
PRD003,2025-05-20 08:51:18.467791,8,75,492.04
PRD003,2025-05-21 08:51:18.467791,5,36,550.95
PRD003,2025-05-22 08:51:18.467791,5,42,478.3
PRD004,2024-05-22 08:51:18.467791,6,31,569.62
PRD004,2024-05-23 08:51:18.467791,5,77,490.03
PRD004,2024-05-24 08:51:18.467791,8,24,495.36
PRD004,2024-05-25 08:51:18.467791,10,53,488.6
PRD004,2024-05-26 08:51:18.467791,17,46,551.61
PRD004,2024-05-27 08:51:18.467791,5,79,491.19
PRD004,2024-05-28 08:51:18.467791,8,29,481.97
PRD004,2024-05-29 08:51:18.467791,7,68,550.13
PRD004,2024-05-30 08:51:18.467791,7,69,523.67
PRD004,2024-05-31 08:51:18.467791,11,16,512.65
PRD004,2024-06-01 08:51:18.467791,11,25,551.74
PRD004,2024-06-02 08:51:18.467791,11,37,575.97
PRD004,2024-06-03 08:51:18.467791,6,88,577.91
PRD004,2024-06-04 08:51:18.467791,7,45,574.68
PRD004,2024-06-05 08:51:18.467791,5,19,573.37
PRD004,2024-06-06 08:51:18.467791,8,64,522.5
PRD004,2024-06-07 08:51:18.467791,4,76,560.99
PRD004,2024-06-08 08:51:18.467791,7,43,533.36
PRD004,2024-06-09 08:51:18.467791,9,82,552.0
PRD004,2024-06-10 08:51:18.467791,6,19,512.83
PRD004,2024-06-11 08:51:18.467791,8,74,561.56
PRD004,2024-06-12 08:51:18.467791,8,68,500.64
PRD004,2024-06-13 08:51:18.467791,8,81,497.14
PRD004,2024-06-14 08:51:18.467791,4,61,560.61
PRD004,2024-06-15 08:51:18.467791,9,66,563.4
PRD004,2024-06-16 08:51:18.467791,9,82,495.17
PRD004,2024-06-17 08:51:18.467791,5,83,479.19
PRD004,2024-06-18 08:51:18.467791,9,23,549.53
PRD004,2024-06-19 08:51:18.467791,5,30,484.93
PRD004,2024-06-20 08:51:18.467791,6,27,557.31
PRD004,2024-06-21 08:51:18.467791,7,46,482.16
PRD004,2024-06-22 08:51:18.467791,8,61,485.15
PRD004,2024-06-23 08:51:18.467791,13,84,484.22
PRD004,2024-06-24 08:51:18.467791,7,13,548.39
PRD004,2024-06-25 08:51:18.467791,8,60,577.72
PRD004,2024-06-26 08:51:18.467791,9,20,479.39
PRD004,2024-06-27 08:51:18.467791,9,85,566.75
PRD004,2024-06-28 08:51:18.467791,11,31,503.71
PRD004,2024-06-29 08:51:18.467791,11,31,473.63
PRD004,2024-06-30 08:51:18.467791,13,15,532.3
PRD004,2024-07-01 08:51:18.467791,10,80,576.55
PRD004,2024-07-02 08:51:18.467791,6,60,512.35
PRD004,2024-07-03 08:51:18.467791,5,81,547.95
PRD004,2024-07-04 08:51:18.467791,6,46,518.62
PRD004,2024-07-05 08:51:18.467791,4,22,481.97
PRD004,2024-07-06 08:51:18.467791,9,32,555.12
PRD004,2024-07-07 08:51:18.467791,8,64,552.91
PRD004,2024-07-08 08:51:18.467791,6,63,486.4
PRD004,2024-07-09 08:51:18.467791,9,15,478.16
PRD004,2024-07-10 08:51:18.467791,8,14,564.45
PRD004,2024-07-11 08:51:18.467791,8,23,497.53
PRD004,2024-07-12 08:51:18.467791,7,22,564.64
PRD004,2024-07-13 08:51:18.467791,6,93,517.44
PRD004,2024-07-14 08:51:18.467791,9,36,497.17
PRD004,2024-07-15 08:51:18.467791,5,88,517.51
PRD004,2024-07-16 08:51:18.467791,3,59,531.95
PRD004,2024-07-17 08:51:18.467791,6,17,544.95
PRD004,2024-07-18 08:51:18.467791,7,77,500.63
PRD004,2024-07-19 08:51:18.467791,6,18,498.56
PRD004,2024-07-20 08:51:18.467791,12,37,551.74
PRD004,2024-07-21 08:51:18.467791,8,23,556.66
PRD004,2024-07-22 08:51:18.467791,5,46,476.31
PRD004,2024-07-23 08:51:18.467791,8,85,538.09
PRD004,2024-07-24 08:51:18.467791,7,28,551.32
PRD004,2024-07-25 08:51:18.467791,9,11,482.53
PRD004,2024-07-26 08:51:18.467791,7,58,505.7
PRD004,2024-07-27 08:51:18.467791,17,69,480.6
PRD004,2024-07-28 08:51:18.467791,13,35,565.89
PRD004,2024-07-29 08:51:18.467791,8,92,480.27
PRD004,2024-07-30 08:51:18.467791,11,66,520.95
PRD004,2024-07-31 08:51:18.467791,8,17,526.1
PRD004,2024-08-01 08:51:18.467791,7,23,553.87
PRD004,2024-08-02 08:51:18.467791,6,84,577.22
PRD004,2024-08-03 08:51:18.467791,11,15,563.05
PRD004,2024-08-04 08:51:18.467791,13,82,501.64
PRD004,2024-08-05 08:51:18.467791,6,57,554.52
PRD004,2024-08-06 08:51:18.467791,5,81,577.01
PRD004,2024-08-07 08:51:18.467791,6,29,507.52
PRD004,2024-08-08 08:51:18.467791,6,57,500.33
PRD004,2024-08-09 08:51:18.467791,5,16,486.66
PRD004,2024-08-10 08:51:18.467791,8,61,474.08
PRD004,2024-08-11 08:51:18.467791,10,10,540.06
PRD004,2024-08-12 08:51:18.467791,5,67,546.22
PRD004,2024-08-13 08:51:18.467791,8,35,534.67
PRD004,2024-08-14 08:51:18.467791,5,45,541.89
PRD004,2024-08-15 08:51:18.467791,3,24,495.44
PRD004,2024-08-16 08:51:18.467791,4,56,511.11
PRD004,2024-08-17 08:51:18.467791,12,19,499.73
PRD004,2024-08-18 08:51:18.467791,13,20,578.44
PRD004,2024-08-19 08:51:18.467791,4,53,523.06
PRD004,2024-08-20 08:51:18.467791,8,78,496.89
PRD004,2024-08-21 08:51:18.467791,5,16,476.09
PRD004,2024-08-22 08:51:18.467791,5,38,481.92
PRD004,2024-08-23 08:51:18.467791,7,66,491.33
PRD004,2024-08-24 08:51:18.467791,9,58,511.65
PRD004,2024-08-25 08:51:18.467791,15,61,508.04
PRD004,2024-08-26 08:51:18.467791,10,49,564.73
PRD004,2024-08-27 08:51:18.467791,10,10,512.16
PRD004,2024-08-28 08:51:18.467791,10,62,497.85
PRD004,2024-08-29 08:51:18.467791,6,58,526.02
PRD004,2024-08-30 08:51:18.467791,8,27,554.14
PRD004,2024-08-31 08:51:18.467791,15,61,550.69
PRD004,2024-09-01 08:51:18.467791,12,83,483.25
PRD004,2024-09-02 08:51:18.467791,3,39,524.44
PRD004,2024-09-03 08:51:18.467791,9,19,489.48
PRD004,2024-09-04 08:51:18.467791,4,93,482.89
PRD004,2024-09-05 08:51:18.467791,10,49,570.58
PRD004,2024-09-06 08:51:18.467791,7,62,565.13
PRD004,2024-09-07 08:51:18.467791,12,67,479.79
PRD004,2024-09-08 08:51:18.467791,9,38,534.09
PRD004,2024-09-09 08:51:18.467791,8,85,499.93
PRD004,2024-09-10 08:51:18.467791,4,67,559.06
PRD004,2024-09-11 08:51:18.467791,5,48,558.35
PRD004,2024-09-12 08:51:18.467791,6,48,561.64
PRD004,2024-09-13 08:51:18.467791,4,20,555.29
PRD004,2024-09-14 08:51:18.467791,9,62,530.95
PRD004,2024-09-15 08:51:18.467791,7,89,495.77
PRD004,2024-09-16 08:51:18.467791,5,23,572.44
PRD004,2024-09-17 08:51:18.467791,6,36,502.71
PRD004,2024-09-18 08:51:18.467791,8,84,570.39
PRD004,2024-09-19 08:51:18.467791,7,91,572.13
PRD004,2024-09-20 08:51:18.467791,6,25,528.67
PRD004,2024-09-21 08:51:18.467791,6,86,572.1
PRD004,2024-09-22 08:51:18.467791,14,15,571.8
PRD004,2024-09-23 08:51:18.467791,4,63,486.82
PRD004,2024-09-24 08:51:18.467791,7,65,527.82
PRD004,2024-09-25 08:51:18.467791,10,56,564.06
PRD004,2024-09-26 08:51:18.467791,9,47,525.26
PRD004,2024-09-27 08:51:18.467791,6,28,485.16
PRD004,2024-09-28 08:51:18.467791,13,28,477.92
PRD004,2024-09-29 08:51:18.467791,16,84,546.46
PRD004,2024-09-30 08:51:18.467791,5,40,570.15
PRD004,2024-10-01 08:51:18.467791,5,53,569.84
PRD004,2024-10-02 08:51:18.467791,7,43,526.73
PRD004,2024-10-03 08:51:18.467791,5,57,491.67
PRD004,2024-10-04 08:51:18.467791,6,23,485.87
PRD004,2024-10-05 08:51:18.467791,8,32,504.22
PRD004,2024-10-06 08:51:18.467791,13,52,522.7
PRD004,2024-10-07 08:51:18.467791,8,30,525.28
PRD004,2024-10-08 08:51:18.467791,4,47,549.91
PRD004,2024-10-09 08:51:18.467791,7,31,546.68
PRD004,2024-10-10 08:51:18.467791,7,53,496.83
PRD004,2024-10-11 08:51:18.467791,8,92,499.47
PRD004,2024-10-12 08:51:18.467791,11,54,509.32
PRD004,2024-10-13 08:51:18.467791,11,11,477.31
PRD004,2024-10-14 08:51:18.467791,6,28,501.87
PRD004,2024-10-15 08:51:18.467791,9,84,539.47
PRD004,2024-10-16 08:51:18.467791,7,69,572.45
PRD004,2024-10-17 08:51:18.467791,6,52,497.98
PRD004,2024-10-18 08:51:18.467791,9,82,511.66
PRD004,2024-10-19 08:51:18.467791,11,34,542.57
PRD004,2024-10-20 08:51:18.467791,8,72,552.17
PRD004,2024-10-21 08:51:18.467791,6,20,567.28
PRD004,2024-10-22 08:51:18.467791,7,80,553.85
PRD004,2024-10-23 08:51:18.467791,8,48,530.7
PRD004,2024-10-24 08:51:18.467791,7,25,478.31
PRD004,2024-10-25 08:51:18.467791,5,29,480.97
PRD004,2024-10-26 08:51:18.467791,14,66,491.64
PRD004,2024-10-27 08:51:18.467791,14,62,524.68
PRD004,2024-10-28 08:51:18.467791,5,42,528.19
PRD004,2024-10-29 08:51:18.467791,9,15,533.32
PRD004,2024-10-30 08:51:18.467791,6,19,476.17
PRD004,2024-10-31 08:51:18.467791,7,92,569.71
PRD004,2024-11-01 08:51:18.467791,6,50,506.08
PRD004,2024-11-02 08:51:18.467791,9,76,480.19
PRD004,2024-11-03 08:51:18.467791,11,69,556.29
PRD004,2024-11-04 08:51:18.467791,4,21,532.6
PRD004,2024-11-05 08:51:18.467791,5,82,548.26
PRD004,2024-11-06 08:51:18.467791,6,80,511.81
PRD004,2024-11-07 08:51:18.467791,7,40,532.27
PRD004,2024-11-08 08:51:18.467791,8,31,558.26
PRD004,2024-11-09 08:51:18.467791,9,37,504.98
PRD004,2024-11-10 08:51:18.467791,8,21,480.07
PRD004,2024-11-11 08:51:18.467791,4,22,477.65
PRD004,2024-11-12 08:51:18.467791,4,72,503.81
PRD004,2024-11-13 08:51:18.467791,7,31,523.5
PRD004,2024-11-14 08:51:18.467791,9,45,548.7
PRD004,2024-11-15 08:51:18.467791,8,77,503.71
PRD004,2024-11-16 08:51:18.467791,9,19,578.58
PRD004,2024-11-17 08:51:18.467791,9,47,505.04
PRD004,2024-11-18 08:51:18.467791,6,63,534.29
PRD004,2024-11-19 08:51:18.467791,10,23,561.83
PRD004,2024-11-20 08:51:18.467791,6,83,546.83
PRD004,2024-11-21 08:51:18.467791,4,68,570.16
PRD004,2024-11-22 08:51:18.467791,5,30,494.72
PRD004,2024-11-23 08:51:18.467791,9,11,482.56
PRD004,2024-11-24 08:51:18.467791,6,71,552.84
PRD004,2024-11-25 08:51:18.467791,8,77,530.62
PRD004,2024-11-26 08:51:18.467791,7,65,546.69
PRD004,2024-11-27 08:51:18.467791,10,50,486.22
PRD004,2024-11-28 08:51:18.467791,11,31,512.7
PRD004,2024-11-29 08:51:18.467791,8,60,546.68
PRD004,2024-11-30 08:51:18.467791,12,11,506.99
PRD004,2024-12-01 08:51:18.467791,10,66,533.19
PRD004,2024-12-02 08:51:18.467791,8,56,486.93
PRD004,2024-12-03 08:51:18.467791,9,64,534.93
PRD004,2024-12-04 08:51:18.467791,5,34,574.0
PRD004,2024-12-05 08:51:18.467791,7,66,533.29
PRD004,2024-12-06 08:51:18.467791,7,53,478.88
PRD004,2024-12-07 08:51:18.467791,11,34,538.64
PRD004,2024-12-08 08:51:18.467791,8,22,543.2
PRD004,2024-12-09 08:51:18.467791,9,56,551.2
PRD004,2024-12-10 08:51:18.467791,7,85,515.16
PRD004,2024-12-11 08:51:18.467791,5,25,576.5
PRD004,2024-12-12 08:51:18.467791,6,19,577.36
PRD004,2024-12-13 08:51:18.467791,9,65,553.09
PRD004,2024-12-14 08:51:18.467791,11,33,511.27
PRD004,2024-12-15 08:51:18.467791,13,28,559.4
PRD004,2024-12-16 08:51:18.467791,5,55,493.75
PRD004,2024-12-17 08:51:18.467791,10,46,515.98
PRD004,2024-12-18 08:51:18.467791,3,18,540.03
PRD004,2024-12-19 08:51:18.467791,4,21,520.0
PRD004,2024-12-20 08:51:18.467791,6,90,475.6
PRD004,2024-12-21 08:51:18.467791,13,10,566.84
PRD004,2024-12-22 08:51:18.467791,11,47,474.92
PRD004,2024-12-23 08:51:18.467791,4,48,492.17
PRD004,2024-12-24 08:51:18.467791,9,67,474.82
PRD004,2024-12-25 08:51:18.467791,8,68,478.55
PRD004,2024-12-26 08:51:18.467791,8,36,527.37
PRD004,2024-12-27 08:51:18.467791,9,87,560.4
PRD004,2024-12-28 08:51:18.467791,14,78,515.86
PRD004,2024-12-29 08:51:18.467791,17,71,490.69
PRD004,2024-12-30 08:51:18.467791,10,13,556.2
PRD004,2024-12-31 08:51:18.467791,5,52,548.97
PRD004,2025-01-01 08:51:18.467791,6,21,475.74
PRD004,2025-01-02 08:51:18.467791,6,21,517.85
PRD004,2025-01-03 08:51:18.467791,5,38,559.93
PRD004,2025-01-04 08:51:18.467791,10,81,530.95
PRD004,2025-01-05 08:51:18.467791,12,42,553.07
PRD004,2025-01-06 08:51:18.467791,9,26,540.63
PRD004,2025-01-07 08:51:18.467791,6,22,475.65
PRD004,2025-01-08 08:51:18.467791,8,75,478.41
PRD004,2025-01-09 08:51:18.467791,4,87,495.11
PRD004,2025-01-10 08:51:18.467791,5,44,476.89
PRD004,2025-01-11 08:51:18.467791,11,36,557.85
PRD004,2025-01-12 08:51:18.467791,12,71,545.24
PRD004,2025-01-13 08:51:18.467791,5,91,572.77
PRD004,2025-01-14 08:51:18.467791,4,35,556.14
PRD004,2025-01-15 08:51:18.467791,4,26,492.75
PRD004,2025-01-16 08:51:18.467791,8,18,572.78
PRD004,2025-01-17 08:51:18.467791,6,24,484.69
PRD004,2025-01-18 08:51:18.467791,11,87,500.38
PRD004,2025-01-19 08:51:18.467791,10,28,509.99
PRD004,2025-01-20 08:51:18.467791,5,18,555.9
PRD004,2025-01-21 08:51:18.467791,8,11,562.58
PRD004,2025-01-22 08:51:18.467791,6,64,509.45
PRD004,2025-01-23 08:51:18.467791,5,46,575.58
PRD004,2025-01-24 08:51:18.467791,5,87,534.48
PRD004,2025-01-25 08:51:18.467791,14,46,516.18
PRD004,2025-01-26 08:51:18.467791,16,35,566.24
PRD004,2025-01-27 08:51:18.467791,5,33,519.03
PRD004,2025-01-28 08:51:18.467791,9,80,487.27
PRD004,2025-01-29 08:51:18.467791,7,65,570.18
PRD004,2025-01-30 08:51:18.467791,11,12,498.19
PRD004,2025-01-31 08:51:18.467791,6,40,509.15
PRD004,2025-02-01 08:51:18.467791,9,43,511.67
PRD004,2025-02-02 08:51:18.467791,11,55,507.52
PRD004,2025-02-03 08:51:18.467791,6,93,529.49
PRD004,2025-02-04 08:51:18.467791,3,55,508.62
PRD004,2025-02-05 08:51:18.467791,5,45,496.89
PRD004,2025-02-06 08:51:18.467791,8,21,559.72
PRD004,2025-02-07 08:51:18.467791,7,70,557.54
PRD004,2025-02-08 08:51:18.467791,12,53,498.33
PRD004,2025-02-09 08:51:18.467791,10,90,494.25
PRD004,2025-02-10 08:51:18.467791,8,55,511.39
PRD004,2025-02-11 08:51:18.467791,6,64,476.97
PRD004,2025-02-12 08:51:18.467791,8,82,538.04
PRD004,2025-02-13 08:51:18.467791,8,50,523.32
PRD004,2025-02-14 08:51:18.467791,6,84,483.38
PRD004,2025-02-15 08:51:18.467791,8,21,480.45
PRD004,2025-02-16 08:51:18.467791,14,20,515.85
PRD004,2025-02-17 08:51:18.467791,9,60,483.6
PRD004,2025-02-18 08:51:18.467791,8,30,557.7
PRD004,2025-02-19 08:51:18.467791,9,12,475.18
PRD004,2025-02-20 08:51:18.467791,8,57,546.78
PRD004,2025-02-21 08:51:18.467791,8,65,515.11
PRD004,2025-02-22 08:51:18.467791,10,33,546.97
PRD004,2025-02-23 08:51:18.467791,11,15,502.52
PRD004,2025-02-24 08:51:18.467791,7,60,576.02
PRD004,2025-02-25 08:51:18.467791,9,66,560.94
PRD004,2025-02-26 08:51:18.467791,11,46,576.84
PRD004,2025-02-27 08:51:18.467791,9,21,491.61
PRD004,2025-02-28 08:51:18.467791,10,27,487.49
PRD004,2025-03-01 08:51:18.467791,7,23,489.81
PRD004,2025-03-02 08:51:18.467791,11,70,508.85
PRD004,2025-03-03 08:51:18.467791,8,69,543.37
PRD004,2025-03-04 08:51:18.467791,6,22,573.87
PRD004,2025-03-05 08:51:18.467791,5,55,530.97
PRD004,2025-03-06 08:51:18.467791,5,63,526.16
PRD004,2025-03-07 08:51:18.467791,5,51,568.24
PRD004,2025-03-08 08:51:18.467791,8,18,560.63
PRD004,2025-03-09 08:51:18.467791,6,82,494.47
PRD004,2025-03-10 08:51:18.467791,8,69,475.62
PRD004,2025-03-11 08:51:18.467791,7,14,567.36
PRD004,2025-03-12 08:51:18.467791,10,74,543.17
PRD004,2025-03-13 08:51:18.467791,10,50,559.5
PRD004,2025-03-14 08:51:18.467791,4,78,556.01
PRD004,2025-03-15 08:51:18.467791,10,82,504.11
PRD004,2025-03-16 08:51:18.467791,8,21,569.9
PRD004,2025-03-17 08:51:18.467791,8,87,566.53
PRD004,2025-03-18 08:51:18.467791,6,25,490.07
PRD004,2025-03-19 08:51:18.467791,6,92,520.47
PRD004,2025-03-20 08:51:18.467791,5,65,507.69
PRD004,2025-03-21 08:51:18.467791,6,93,490.46
PRD004,2025-03-22 08:51:18.467791,10,10,575.96
PRD004,2025-03-23 08:51:18.467791,9,51,564.8
PRD004,2025-03-24 08:51:18.467791,8,70,520.43
PRD004,2025-03-25 08:51:18.467791,9,20,485.16
PRD004,2025-03-26 08:51:18.467791,8,78,560.26
PRD004,2025-03-27 08:51:18.467791,10,20,485.51
PRD004,2025-03-28 08:51:18.467791,8,50,522.42
PRD004,2025-03-29 08:51:18.467791,14,64,539.84
PRD004,2025-03-30 08:51:18.467791,12,19,558.41
PRD004,2025-03-31 08:51:18.467791,9,32,519.31
PRD004,2025-04-01 08:51:18.467791,6,33,578.22
PRD004,2025-04-02 08:51:18.467791,7,85,535.89
PRD004,2025-04-03 08:51:18.467791,8,79,486.18
PRD004,2025-04-04 08:51:18.467791,7,80,479.89
PRD004,2025-04-05 08:51:18.467791,9,55,556.39
PRD004,2025-04-06 08:51:18.467791,11,33,562.79
PRD004,2025-04-07 08:51:18.467791,5,93,498.61
PRD004,2025-04-08 08:51:18.467791,8,92,550.94
PRD004,2025-04-09 08:51:18.467791,7,54,538.01
PRD004,2025-04-10 08:51:18.467791,6,85,518.27
PRD004,2025-04-11 08:51:18.467791,9,89,526.72
PRD004,2025-04-12 08:51:18.467791,7,22,537.1
PRD004,2025-04-13 08:51:18.467791,7,73,514.03
PRD004,2025-04-14 08:51:18.467791,7,35,516.24
PRD004,2025-04-15 08:51:18.467791,8,55,490.05
PRD004,2025-04-16 08:51:18.467791,5,68,567.73
PRD004,2025-04-17 08:51:18.467791,6,31,577.27
PRD004,2025-04-18 08:51:18.467791,5,26,550.53
PRD004,2025-04-19 08:51:18.467791,6,89,533.91
PRD004,2025-04-20 08:51:18.467791,12,64,554.08
PRD004,2025-04-21 08:51:18.467791,6,53,509.11
PRD004,2025-04-22 08:51:18.467791,8,28,519.88
PRD004,2025-04-23 08:51:18.467791,5,85,494.92
PRD004,2025-04-24 08:51:18.467791,5,49,540.05
PRD004,2025-04-25 08:51:18.467791,6,15,571.1
PRD004,2025-04-26 08:51:18.467791,11,81,559.65
PRD004,2025-04-27 08:51:18.467791,17,67,499.31
PRD004,2025-04-28 08:51:18.467791,6,30,561.01
PRD004,2025-04-29 08:51:18.467791,9,17,512.95
PRD004,2025-04-30 08:51:18.467791,7,29,521.12
PRD004,2025-05-01 08:51:18.467791,8,28,538.11
PRD004,2025-05-02 08:51:18.467791,3,57,555.26
PRD004,2025-05-03 08:51:18.467791,13,24,480.75
PRD004,2025-05-04 08:51:18.467791,10,66,490.12
PRD004,2025-05-05 08:51:18.467791,9,51,542.19
PRD004,2025-05-06 08:51:18.467791,10,17,497.41
PRD004,2025-05-07 08:51:18.467791,6,61,509.55
PRD004,2025-05-08 08:51:18.467791,8,17,527.81
PRD004,2025-05-09 08:51:18.467791,8,73,573.99
PRD004,2025-05-10 08:51:18.467791,8,30,564.69
PRD004,2025-05-11 08:51:18.467791,9,53,510.73
PRD004,2025-05-12 08:51:18.467791,6,72,483.44
PRD004,2025-05-13 08:51:18.467791,4,43,559.64
PRD004,2025-05-14 08:51:18.467791,5,83,552.77
PRD004,2025-05-15 08:51:18.467791,8,47,576.73
PRD004,2025-05-16 08:51:18.467791,7,26,541.59
PRD004,2025-05-17 08:51:18.467791,10,19,494.94
PRD004,2025-05-18 08:51:18.467791,11,34,518.8
PRD004,2025-05-19 08:51:18.467791,9,23,544.52
PRD004,2025-05-20 08:51:18.467791,8,25,488.08
PRD004,2025-05-21 08:51:18.467791,9,17,550.33
PRD004,2025-05-22 08:51:18.467791,8,78,545.64
PRD005,2024-05-22 08:51:18.467791,6,30,339.23
PRD005,2024-05-23 08:51:18.467791,12,10,306.74
PRD005,2024-05-24 08:51:18.467791,10,12,288.94
PRD005,2024-05-25 08:51:18.467791,16,33,315.57
PRD005,2024-05-26 08:51:18.467791,20,4,326.9
PRD005,2024-05-27 08:51:18.467791,11,83,303.43
PRD005,2024-05-28 08:51:18.467791,14,26,308.11
PRD005,2024-05-29 08:51:18.467791,16,51,307.86
PRD005,2024-05-30 08:51:18.467791,10,21,306.8
PRD005,2024-05-31 08:51:18.467791,12,77,291.71
PRD005,2024-06-01 08:51:18.467791,14,58,304.86
PRD005,2024-06-02 08:51:18.467791,16,61,305.45
PRD005,2024-06-03 08:51:18.467791,9,49,333.35
PRD005,2024-06-04 08:51:18.467791,13,12,290.66
PRD005,2024-06-05 08:51:18.467791,11,60,299.18
PRD005,2024-06-06 08:51:18.467791,11,14,299.13
PRD005,2024-06-07 08:51:18.467791,13,49,311.9
PRD005,2024-06-08 08:51:18.467791,14,82,316.08
PRD005,2024-06-09 08:51:18.467791,12,45,279.71
PRD005,2024-06-10 08:51:18.467791,10,56,318.88
PRD005,2024-06-11 08:51:18.467791,10,47,291.77
PRD005,2024-06-12 08:51:18.467791,7,79,321.75
PRD005,2024-06-13 08:51:18.467791,9,21,336.99
PRD005,2024-06-14 08:51:18.467791,9,38,317.45
PRD005,2024-06-15 08:51:18.467791,17,42,303.09
PRD005,2024-06-16 08:51:18.467791,15,59,286.57
PRD005,2024-06-17 08:51:18.467791,13,31,334.09
PRD005,2024-06-18 08:51:18.467791,9,83,309.49
PRD005,2024-06-19 08:51:18.467791,12,26,321.36
PRD005,2024-06-20 08:51:18.467791,10,61,297.06
PRD005,2024-06-21 08:51:18.467791,13,73,321.06
PRD005,2024-06-22 08:51:18.467791,17,61,322.21
PRD005,2024-06-23 08:51:18.467791,14,53,282.02
PRD005,2024-06-24 08:51:18.467791,7,38,285.66
PRD005,2024-06-25 08:51:18.467791,11,72,278.88
PRD005,2024-06-26 08:51:18.467791,13,16,293.04
PRD005,2024-06-27 08:51:18.467791,14,30,282.53
PRD005,2024-06-28 08:51:18.467791,17,51,307.75
PRD005,2024-06-29 08:51:18.467791,18,40,338.48
PRD005,2024-06-30 08:51:18.467791,24,3,338.22
PRD005,2024-07-01 08:51:18.467791,11,87,314.16
PRD005,2024-07-02 08:51:18.467791,9,34,308.48
PRD005,2024-07-03 08:51:18.467791,10,56,317.9
PRD005,2024-07-04 08:51:18.467791,12,43,311.23
PRD005,2024-07-05 08:51:18.467791,12,16,330.2
PRD005,2024-07-06 08:51:18.467791,16,30,291.56
PRD005,2024-07-07 08:51:18.467791,14,57,312.49
PRD005,2024-07-08 08:51:18.467791,11,81,330.0
PRD005,2024-07-09 08:51:18.467791,9,34,282.75
PRD005,2024-07-10 08:51:18.467791,8,32,282.05
PRD005,2024-07-11 08:51:18.467791,10,42,292.92
PRD005,2024-07-12 08:51:18.467791,11,57,279.2
PRD005,2024-07-13 08:51:18.467791,17,59,323.61
PRD005,2024-07-14 08:51:18.467791,17,40,287.7
PRD005,2024-07-15 08:51:18.467791,12,29,320.12
PRD005,2024-07-16 08:51:18.467791,12,60,295.49
PRD005,2024-07-17 08:51:18.467791,10,43,320.48
PRD005,2024-07-18 08:51:18.467791,12,19,312.02
PRD005,2024-07-19 08:51:18.467791,11,79,312.87
PRD005,2024-07-20 08:51:18.467791,10,12,309.79
PRD005,2024-07-21 08:51:18.467791,13,67,293.91
PRD005,2024-07-22 08:51:18.467791,12,23,325.8
PRD005,2024-07-23 08:51:18.467791,9,73,324.83
PRD005,2024-07-24 08:51:18.467791,7,33,288.75
PRD005,2024-07-25 08:51:18.467791,14,25,286.27
PRD005,2024-07-26 08:51:18.467791,8,70,318.27
PRD005,2024-07-27 08:51:18.467791,23,16,334.07
PRD005,2024-07-28 08:51:18.467791,19,59,319.55
PRD005,2024-07-29 08:51:18.467791,13,11,299.05
PRD005,2024-07-30 08:51:18.467791,10,67,314.24
PRD005,2024-07-31 08:51:18.467791,10,21,301.52
PRD005,2024-08-01 08:51:18.467791,12,85,339.79
PRD005,2024-08-02 08:51:18.467791,7,16,317.69
PRD005,2024-08-03 08:51:18.467791,17,30,298.91
PRD005,2024-08-04 08:51:18.467791,11,88,336.22
PRD005,2024-08-05 08:51:18.467791,10,85,302.88
PRD005,2024-08-06 08:51:18.467791,9,16,320.81
PRD005,2024-08-07 08:51:18.467791,12,44,336.63
PRD005,2024-08-08 08:51:18.467791,10,14,288.81
PRD005,2024-08-09 08:51:18.467791,8,35,284.49
PRD005,2024-08-10 08:51:18.467791,11,21,305.41
PRD005,2024-08-11 08:51:18.467791,10,19,286.36
PRD005,2024-08-12 08:51:18.467791,8,61,322.72
PRD005,2024-08-13 08:51:18.467791,10,30,322.93
PRD005,2024-08-14 08:51:18.467791,9,80,303.46
PRD005,2024-08-15 08:51:18.467791,9,12,288.72
PRD005,2024-08-16 08:51:18.467791,9,81,327.36
PRD005,2024-08-17 08:51:18.467791,16,21,317.69
PRD005,2024-08-18 08:51:18.467791,13,52,309.85
PRD005,2024-08-19 08:51:18.467791,8,85,295.37
PRD005,2024-08-20 08:51:18.467791,10,15,305.74
PRD005,2024-08-21 08:51:18.467791,12,17,284.28
PRD005,2024-08-22 08:51:18.467791,9,24,304.04
PRD005,2024-08-23 08:51:18.467791,10,42,333.29
PRD005,2024-08-24 08:51:18.467791,12,34,307.01
PRD005,2024-08-25 08:51:18.467791,18,67,281.0
PRD005,2024-08-26 08:51:18.467791,15,11,322.61
PRD005,2024-08-27 08:51:18.467791,12,51,295.41
PRD005,2024-08-28 08:51:18.467791,12,47,333.97
PRD005,2024-08-29 08:51:18.467791,10,63,282.17
PRD005,2024-08-30 08:51:18.467791,16,68,315.95
PRD005,2024-08-31 08:51:18.467791,23,32,323.96
PRD005,2024-09-01 08:51:18.467791,12,58,319.89
PRD005,2024-09-02 08:51:18.467791,6,53,311.44
PRD005,2024-09-03 08:51:18.467791,11,58,287.61
PRD005,2024-09-04 08:51:18.467791,9,56,294.52
PRD005,2024-09-05 08:51:18.467791,10,54,337.95
PRD005,2024-09-06 08:51:18.467791,11,83,282.71
PRD005,2024-09-07 08:51:18.467791,15,83,319.57
PRD005,2024-09-08 08:51:18.467791,13,69,303.78
PRD005,2024-09-09 08:51:18.467791,11,7,278.82
PRD005,2024-09-10 08:51:18.467791,9,49,317.55
PRD005,2024-09-11 08:51:18.467791,10,84,324.48
PRD005,2024-09-12 08:51:18.467791,9,39,304.59
PRD005,2024-09-13 08:51:18.467791,8,54,315.64
PRD005,2024-09-14 08:51:18.467791,15,73,289.36
PRD005,2024-09-15 08:51:18.467791,18,76,324.55
PRD005,2024-09-16 08:51:18.467791,8,27,329.9
PRD005,2024-09-17 08:51:18.467791,10,14,303.91
PRD005,2024-09-18 08:51:18.467791,10,59,300.17
PRD005,2024-09-19 08:51:18.467791,8,17,317.87
PRD005,2024-09-20 08:51:18.467791,11,23,328.27
PRD005,2024-09-21 08:51:18.467791,14,26,314.19
PRD005,2024-09-22 08:51:18.467791,15,66,289.29
PRD005,2024-09-23 08:51:18.467791,13,34,289.15
PRD005,2024-09-24 08:51:18.467791,13,47,335.94
PRD005,2024-09-25 08:51:18.467791,13,10,336.84
PRD005,2024-09-26 08:51:18.467791,14,82,334.89
PRD005,2024-09-27 08:51:18.467791,11,26,303.02
PRD005,2024-09-28 08:51:18.467791,15,80,312.29
PRD005,2024-09-29 08:51:18.467791,16,45,291.06
PRD005,2024-09-30 08:51:18.467791,15,17,301.4
PRD005,2024-10-01 08:51:18.467791,12,50,294.8
PRD005,2024-10-02 08:51:18.467791,8,28,284.72
PRD005,2024-10-03 08:51:18.467791,11,40,290.94
PRD005,2024-10-04 08:51:18.467791,12,63,303.5
PRD005,2024-10-05 08:51:18.467791,16,80,330.45
PRD005,2024-10-06 08:51:18.467791,16,71,299.38
PRD005,2024-10-07 08:51:18.467791,8,22,279.1
PRD005,2024-10-08 08:51:18.467791,11,10,292.3
PRD005,2024-10-09 08:51:18.467791,9,76,313.44
PRD005,2024-10-10 08:51:18.467791,8,35,312.82
PRD005,2024-10-11 08:51:18.467791,8,56,287.09
PRD005,2024-10-12 08:51:18.467791,15,76,323.28
PRD005,2024-10-13 08:51:18.467791,10,22,285.16
PRD005,2024-10-14 08:51:18.467791,10,67,339.53
PRD005,2024-10-15 08:51:18.467791,10,50,278.9
PRD005,2024-10-16 08:51:18.467791,13,80,317.1
PRD005,2024-10-17 08:51:18.467791,8,61,303.03
PRD005,2024-10-18 08:51:18.467791,9,20,285.94
PRD005,2024-10-19 08:51:18.467791,15,12,297.58
PRD005,2024-10-20 08:51:18.467791,15,31,331.23
PRD005,2024-10-21 08:51:18.467791,10,20,331.84
PRD005,2024-10-22 08:51:18.467791,9,64,289.52
PRD005,2024-10-23 08:51:18.467791,8,61,314.89
PRD005,2024-10-24 08:51:18.467791,9,69,319.25
PRD005,2024-10-25 08:51:18.467791,12,16,312.01
PRD005,2024-10-26 08:51:18.467791,21,62,323.23
PRD005,2024-10-27 08:51:18.467791,22,70,288.76
PRD005,2024-10-28 08:51:18.467791,9,32,318.49
PRD005,2024-10-29 08:51:18.467791,12,81,334.62
PRD005,2024-10-30 08:51:18.467791,15,15,290.31
PRD005,2024-10-31 08:51:18.467791,15,81,313.29
PRD005,2024-11-01 08:51:18.467791,6,44,333.88
PRD005,2024-11-02 08:51:18.467791,17,70,327.35
PRD005,2024-11-03 08:51:18.467791,17,80,305.27
PRD005,2024-11-04 08:51:18.467791,10,16,296.28
PRD005,2024-11-05 08:51:18.467791,9,23,339.9
PRD005,2024-11-06 08:51:18.467791,9,20,318.18
PRD005,2024-11-07 08:51:18.467791,9,72,312.2
PRD005,2024-11-08 08:51:18.467791,10,61,330.36
PRD005,2024-11-09 08:51:18.467791,12,11,328.77
PRD005,2024-11-10 08:51:18.467791,16,62,338.0
PRD005,2024-11-11 08:51:18.467791,9,49,307.67
PRD005,2024-11-12 08:51:18.467791,9,78,326.71
PRD005,2024-11-13 08:51:18.467791,6,39,324.63
PRD005,2024-11-14 08:51:18.467791,7,76,282.93
PRD005,2024-11-15 08:51:18.467791,9,49,335.86
PRD005,2024-11-16 08:51:18.467791,10,76,287.26
PRD005,2024-11-17 08:51:18.467791,17,65,332.57
PRD005,2024-11-18 08:51:18.467791,12,53,297.16
PRD005,2024-11-19 08:51:18.467791,12,49,279.38
PRD005,2024-11-20 08:51:18.467791,7,68,335.27
PRD005,2024-11-21 08:51:18.467791,9,40,321.57
PRD005,2024-11-22 08:51:18.467791,8,51,314.66
PRD005,2024-11-23 08:51:18.467791,11,15,331.12
PRD005,2024-11-24 08:51:18.467791,16,70,327.39
PRD005,2024-11-25 08:51:18.467791,12,22,332.35
PRD005,2024-11-26 08:51:18.467791,11,88,327.43
PRD005,2024-11-27 08:51:18.467791,9,46,312.29
PRD005,2024-11-28 08:51:18.467791,11,9,317.58
PRD005,2024-11-29 08:51:18.467791,14,46,298.07
PRD005,2024-11-30 08:51:18.467791,19,68,288.31
PRD005,2024-12-01 08:51:18.467791,15,51,331.83
PRD005,2024-12-02 08:51:18.467791,9,19,311.61
PRD005,2024-12-03 08:51:18.467791,10,50,305.26
PRD005,2024-12-04 08:51:18.467791,9,90,324.17
PRD005,2024-12-05 08:51:18.467791,9,22,338.36
PRD005,2024-12-06 08:51:18.467791,12,35,330.86
PRD005,2024-12-07 08:51:18.467791,16,61,336.95
PRD005,2024-12-08 08:51:18.467791,14,8,286.41
PRD005,2024-12-09 08:51:18.467791,10,24,332.58
PRD005,2024-12-10 08:51:18.467791,11,9,281.42
PRD005,2024-12-11 08:51:18.467791,11,74,316.38
PRD005,2024-12-12 08:51:18.467791,8,60,303.15
PRD005,2024-12-13 08:51:18.467791,8,19,292.01
PRD005,2024-12-14 08:51:18.467791,16,58,339.01
PRD005,2024-12-15 08:51:18.467791,15,47,315.91
PRD005,2024-12-16 08:51:18.467791,13,22,335.48
PRD005,2024-12-17 08:51:18.467791,6,86,338.08
PRD005,2024-12-18 08:51:18.467791,6,81,324.2
PRD005,2024-12-19 08:51:18.467791,10,87,279.86
PRD005,2024-12-20 08:51:18.467791,9,19,328.19
PRD005,2024-12-21 08:51:18.467791,14,72,297.34
PRD005,2024-12-22 08:51:18.467791,19,2,285.23
PRD005,2024-12-23 08:51:18.467791,11,13,286.98
PRD005,2024-12-24 08:51:18.467791,11,11,336.53
PRD005,2024-12-25 08:51:18.467791,14,64,322.19
PRD005,2024-12-26 08:51:18.467791,10,76,284.71
PRD005,2024-12-27 08:51:18.467791,15,45,301.42
PRD005,2024-12-28 08:51:18.467791,19,5,303.74
PRD005,2024-12-29 08:51:18.467791,20,12,307.22
PRD005,2024-12-30 08:51:18.467791,14,3,336.63
PRD005,2024-12-31 08:51:18.467791,11,31,289.35
PRD005,2025-01-01 08:51:18.467791,13,24,296.69
PRD005,2025-01-02 08:51:18.467791,7,65,305.18
PRD005,2025-01-03 08:51:18.467791,10,88,293.05
PRD005,2025-01-04 08:51:18.467791,10,64,326.54
PRD005,2025-01-05 08:51:18.467791,16,7,292.19
PRD005,2025-01-06 08:51:18.467791,9,44,303.87
PRD005,2025-01-07 08:51:18.467791,12,9,292.73
PRD005,2025-01-08 08:51:18.467791,9,20,314.04
PRD005,2025-01-09 08:51:18.467791,8,50,316.77
PRD005,2025-01-10 08:51:18.467791,10,50,320.44
PRD005,2025-01-11 08:51:18.467791,16,55,305.86
PRD005,2025-01-12 08:51:18.467791,16,48,308.89
PRD005,2025-01-13 08:51:18.467791,7,64,307.42
PRD005,2025-01-14 08:51:18.467791,10,30,321.59
PRD005,2025-01-15 08:51:18.467791,8,46,316.31
PRD005,2025-01-16 08:51:18.467791,8,39,310.14
PRD005,2025-01-17 08:51:18.467791,12,58,330.51
PRD005,2025-01-18 08:51:18.467791,14,35,339.51
PRD005,2025-01-19 08:51:18.467791,15,55,302.54
PRD005,2025-01-20 08:51:18.467791,9,15,309.8
PRD005,2025-01-21 08:51:18.467791,9,51,310.47
PRD005,2025-01-22 08:51:18.467791,7,33,327.35
PRD005,2025-01-23 08:51:18.467791,10,87,312.62
PRD005,2025-01-24 08:51:18.467791,7,32,293.4
PRD005,2025-01-25 08:51:18.467791,19,7,330.44
PRD005,2025-01-26 08:51:18.467791,14,9,279.36
PRD005,2025-01-27 08:51:18.467791,13,8,315.1
PRD005,2025-01-28 08:51:18.467791,16,19,298.6
PRD005,2025-01-29 08:51:18.467791,10,53,319.32
PRD005,2025-01-30 08:51:18.467791,10,54,297.33
PRD005,2025-01-31 08:51:18.467791,11,76,309.5
PRD005,2025-02-01 08:51:18.467791,12,32,332.62
PRD005,2025-02-02 08:51:18.467791,12,24,314.25
PRD005,2025-02-03 08:51:18.467791,7,18,304.57
PRD005,2025-02-04 08:51:18.467791,10,46,301.92
PRD005,2025-02-05 08:51:18.467791,10,32,296.97
PRD005,2025-02-06 08:51:18.467791,12,39,282.7
PRD005,2025-02-07 08:51:18.467791,7,58,314.73
PRD005,2025-02-08 08:51:18.467791,19,44,282.51
PRD005,2025-02-09 08:51:18.467791,14,52,296.8
PRD005,2025-02-10 08:51:18.467791,11,14,291.91
PRD005,2025-02-11 08:51:18.467791,9,90,318.63
PRD005,2025-02-12 08:51:18.467791,6,77,310.24
PRD005,2025-02-13 08:51:18.467791,7,89,288.26
PRD005,2025-02-14 08:51:18.467791,10,54,298.61
PRD005,2025-02-15 08:51:18.467791,11,48,280.74
PRD005,2025-02-16 08:51:18.467791,14,73,309.85
PRD005,2025-02-17 08:51:18.467791,8,60,295.67
PRD005,2025-02-18 08:51:18.467791,6,79,331.65
PRD005,2025-02-19 08:51:18.467791,10,85,322.15
PRD005,2025-02-20 08:51:18.467791,8,46,306.39
PRD005,2025-02-21 08:51:18.467791,8,77,321.13
PRD005,2025-02-22 08:51:18.467791,14,9,304.25
PRD005,2025-02-23 08:51:18.467791,17,43,307.24
PRD005,2025-02-24 08:51:18.467791,9,48,336.17
PRD005,2025-02-25 08:51:18.467791,14,15,282.71
PRD005,2025-02-26 08:51:18.467791,13,20,338.65
PRD005,2025-02-27 08:51:18.467791,13,73,321.08
PRD005,2025-02-28 08:51:18.467791,16,12,297.77
PRD005,2025-03-01 08:51:18.467791,14,10,339.5
PRD005,2025-03-02 08:51:18.467791,15,64,318.33
PRD005,2025-03-03 08:51:18.467791,12,40,291.95
PRD005,2025-03-04 08:51:18.467791,6,49,288.32
PRD005,2025-03-05 08:51:18.467791,8,71,280.23
PRD005,2025-03-06 08:51:18.467791,9,62,295.64
PRD005,2025-03-07 08:51:18.467791,10,85,302.71
PRD005,2025-03-08 08:51:18.467791,17,25,294.09
PRD005,2025-03-09 08:51:18.467791,14,37,322.48
PRD005,2025-03-10 08:51:18.467791,11,63,332.77
PRD005,2025-03-11 08:51:18.467791,7,71,315.34
PRD005,2025-03-12 08:51:18.467791,10,54,335.48
PRD005,2025-03-13 08:51:18.467791,12,75,287.9
PRD005,2025-03-14 08:51:18.467791,8,17,336.53
PRD005,2025-03-15 08:51:18.467791,12,75,321.66
PRD005,2025-03-16 08:51:18.467791,10,72,319.28
PRD005,2025-03-17 08:51:18.467791,13,50,289.75
PRD005,2025-03-18 08:51:18.467791,10,16,324.3
PRD005,2025-03-19 08:51:18.467791,7,58,284.49
PRD005,2025-03-20 08:51:18.467791,12,18,339.07
PRD005,2025-03-21 08:51:18.467791,11,44,285.39
PRD005,2025-03-22 08:51:18.467791,12,27,320.14
PRD005,2025-03-23 08:51:18.467791,12,13,324.51
PRD005,2025-03-24 08:51:18.467791,8,87,319.27
PRD005,2025-03-25 08:51:18.467791,15,82,320.75
PRD005,2025-03-26 08:51:18.467791,11,57,332.93
PRD005,2025-03-27 08:51:18.467791,12,61,332.36
PRD005,2025-03-28 08:51:18.467791,13,63,338.79
PRD005,2025-03-29 08:51:18.467791,21,66,278.68
PRD005,2025-03-30 08:51:18.467791,20,32,284.44
PRD005,2025-03-31 08:51:18.467791,13,41,325.5
PRD005,2025-04-01 08:51:18.467791,9,33,284.2
PRD005,2025-04-02 08:51:18.467791,11,72,312.26
PRD005,2025-04-03 08:51:18.467791,10,40,314.74
PRD005,2025-04-04 08:51:18.467791,12,14,296.28
PRD005,2025-04-05 08:51:18.467791,14,56,301.17
PRD005,2025-04-06 08:51:18.467791,17,59,331.6
PRD005,2025-04-07 08:51:18.467791,11,65,317.77
PRD005,2025-04-08 08:51:18.467791,7,18,303.05
PRD005,2025-04-09 08:51:18.467791,8,33,323.35
PRD005,2025-04-10 08:51:18.467791,9,37,329.01
PRD005,2025-04-11 08:51:18.467791,8,36,322.16
PRD005,2025-04-12 08:51:18.467791,16,38,326.91
PRD005,2025-04-13 08:51:18.467791,17,9,308.6
PRD005,2025-04-14 08:51:18.467791,9,16,295.18
PRD005,2025-04-15 08:51:18.467791,11,58,316.51
PRD005,2025-04-16 08:51:18.467791,7,33,340.46
PRD005,2025-04-17 08:51:18.467791,9,27,279.39
PRD005,2025-04-18 08:51:18.467791,10,46,305.29
PRD005,2025-04-19 08:51:18.467791,15,23,284.55
PRD005,2025-04-20 08:51:18.467791,11,18,300.83
PRD005,2025-04-21 08:51:18.467791,7,74,294.55
PRD005,2025-04-22 08:51:18.467791,7,90,314.93
PRD005,2025-04-23 08:51:18.467791,11,73,293.64
PRD005,2025-04-24 08:51:18.467791,8,89,302.9
PRD005,2025-04-25 08:51:18.467791,14,76,285.82
PRD005,2025-04-26 08:51:18.467791,16,25,336.22
PRD005,2025-04-27 08:51:18.467791,19,37,299.93
PRD005,2025-04-28 08:51:18.467791,12,78,324.25
PRD005,2025-04-29 08:51:18.467791,16,31,290.54
PRD005,2025-04-30 08:51:18.467791,15,47,291.46
PRD005,2025-05-01 08:51:18.467791,12,47,294.97
PRD005,2025-05-02 08:51:18.467791,7,80,301.12
PRD005,2025-05-03 08:51:18.467791,15,37,339.0
PRD005,2025-05-04 08:51:18.467791,11,20,300.08
PRD005,2025-05-05 08:51:18.467791,8,88,290.18
PRD005,2025-05-06 08:51:18.467791,7,25,310.98
PRD005,2025-05-07 08:51:18.467791,9,14,303.05
PRD005,2025-05-08 08:51:18.467791,12,43,283.56
PRD005,2025-05-09 08:51:18.467791,6,89,333.72
PRD005,2025-05-10 08:51:18.467791,12,43,314.24
PRD005,2025-05-11 08:51:18.467791,12,16,298.71
PRD005,2025-05-12 08:51:18.467791,8,50,320.1
PRD005,2025-05-13 08:51:18.467791,13,26,318.87
PRD005,2025-05-14 08:51:18.467791,11,37,328.59
PRD005,2025-05-15 08:51:18.467791,9,29,325.88
PRD005,2025-05-16 08:51:18.467791,13,52,331.72
PRD005,2025-05-17 08:51:18.467791,15,18,291.26
PRD005,2025-05-18 08:51:18.467791,12,21,297.33
PRD005,2025-05-19 08:51:18.467791,10,46,291.76
PRD005,2025-05-20 08:51:18.467791,11,56,338.98
PRD005,2025-05-21 08:51:18.467791,8,46,298.95
PRD005,2025-05-22 08:51:18.467791,7,25,329.66
PRD006,2024-05-22 08:51:18.467791,10,14,464.74
PRD006,2024-05-23 08:51:18.467791,8,68,453.78
PRD006,2024-05-24 08:51:18.467791,13,40,441.96
PRD006,2024-05-25 08:51:18.467791,19,36,424.64
PRD006,2024-05-26 08:51:18.467791,21,30,424.06
PRD006,2024-05-27 08:51:18.467791,9,18,422.82
PRD006,2024-05-28 08:51:18.467791,10,60,450.46
PRD006,2024-05-29 08:51:18.467791,16,70,437.97
PRD006,2024-05-30 08:51:18.467791,11,25,481.37
PRD006,2024-05-31 08:51:18.467791,14,21,429.79
PRD006,2024-06-01 08:51:18.467791,14,35,418.46
PRD006,2024-06-02 08:51:18.467791,15,38,432.42
PRD006,2024-06-03 08:51:18.467791,9,62,427.53
PRD006,2024-06-04 08:51:18.467791,12,34,431.59
PRD006,2024-06-05 08:51:18.467791,7,56,412.68
PRD006,2024-06-06 08:51:18.467791,9,32,432.15
PRD006,2024-06-07 08:51:18.467791,12,82,420.22
PRD006,2024-06-08 08:51:18.467791,17,37,456.34
PRD006,2024-06-09 08:51:18.467791,14,14,414.58
PRD006,2024-06-10 08:51:18.467791,10,53,433.49
PRD006,2024-06-11 08:51:18.467791,7,51,498.73
PRD006,2024-06-12 08:51:18.467791,10,85,422.79
PRD006,2024-06-13 08:51:18.467791,13,43,481.27
PRD006,2024-06-14 08:51:18.467791,8,89,458.36
PRD006,2024-06-15 08:51:18.467791,12,65,421.12
PRD006,2024-06-16 08:51:18.467791,18,6,415.67
PRD006,2024-06-17 08:51:18.467791,7,68,432.44
PRD006,2024-06-18 08:51:18.467791,10,67,429.17
PRD006,2024-06-19 08:51:18.467791,11,13,465.05
PRD006,2024-06-20 08:51:18.467791,6,89,451.59
PRD006,2024-06-21 08:51:18.467791,8,24,429.28
PRD006,2024-06-22 08:51:18.467791,19,72,475.63
PRD006,2024-06-23 08:51:18.467791,15,31,480.2
PRD006,2024-06-24 08:51:18.467791,12,81,464.96
PRD006,2024-06-25 08:51:18.467791,12,54,420.44
PRD006,2024-06-26 08:51:18.467791,13,43,436.2
PRD006,2024-06-27 08:51:18.467791,12,49,418.73
PRD006,2024-06-28 08:51:18.467791,13,28,443.44
PRD006,2024-06-29 08:51:18.467791,17,28,481.87
PRD006,2024-06-30 08:51:18.467791,22,68,473.83
PRD006,2024-07-01 08:51:18.467791,11,68,478.82
PRD006,2024-07-02 08:51:18.467791,7,21,449.27
PRD006,2024-07-03 08:51:18.467791,9,53,439.5
PRD006,2024-07-04 08:51:18.467791,10,63,465.22
PRD006,2024-07-05 08:51:18.467791,8,13,481.16
PRD006,2024-07-06 08:51:18.467791,15,72,441.75
PRD006,2024-07-07 08:51:18.467791,16,75,467.23
PRD006,2024-07-08 08:51:18.467791,7,41,439.25
PRD006,2024-07-09 08:51:18.467791,11,84,493.6
PRD006,2024-07-10 08:51:18.467791,7,14,448.65
PRD006,2024-07-11 08:51:18.467791,10,61,495.59
PRD006,2024-07-12 08:51:18.467791,6,21,421.31
PRD006,2024-07-13 08:51:18.467791,15,33,490.2
PRD006,2024-07-14 08:51:18.467791,18,54,473.42
PRD006,2024-07-15 08:51:18.467791,7,49,458.0
PRD006,2024-07-16 08:51:18.467791,8,17,447.4
PRD006,2024-07-17 08:51:18.467791,12,60,445.28
PRD006,2024-07-18 08:51:18.467791,6,78,486.11
PRD006,2024-07-19 08:51:18.467791,10,25,437.58
PRD006,2024-07-20 08:51:18.467791,15,30,423.79
PRD006,2024-07-21 08:51:18.467791,17,37,459.04
PRD006,2024-07-22 08:51:18.467791,11,55,475.52
PRD006,2024-07-23 08:51:18.467791,10,81,455.3
PRD006,2024-07-24 08:51:18.467791,11,51,462.88
PRD006,2024-07-25 08:51:18.467791,15,5,440.68
PRD006,2024-07-26 08:51:18.467791,12,79,445.21
PRD006,2024-07-27 08:51:18.467791,22,9,446.56
PRD006,2024-07-28 08:51:18.467791,21,3,499.08
PRD006,2024-07-29 08:51:18.467791,13,16,461.13
PRD006,2024-07-30 08:51:18.467791,11,55,487.65
PRD006,2024-07-31 08:51:18.467791,12,42,414.65
PRD006,2024-08-01 08:51:18.467791,13,55,498.57
PRD006,2024-08-02 08:51:18.467791,10,37,439.02
PRD006,2024-08-03 08:51:18.467791,13,40,468.08
PRD006,2024-08-04 08:51:18.467791,12,14,499.38
PRD006,2024-08-05 08:51:18.467791,13,64,487.18
PRD006,2024-08-06 08:51:18.467791,10,15,417.72
PRD006,2024-08-07 08:51:18.467791,12,79,487.9
PRD006,2024-08-08 08:51:18.467791,10,44,455.93
PRD006,2024-08-09 08:51:18.467791,9,63,486.51
PRD006,2024-08-10 08:51:18.467791,14,13,435.33
PRD006,2024-08-11 08:51:18.467791,13,81,466.98
PRD006,2024-08-12 08:51:18.467791,8,29,414.05
PRD006,2024-08-13 08:51:18.467791,7,68,464.22
PRD006,2024-08-14 08:51:18.467791,12,88,496.4
PRD006,2024-08-15 08:51:18.467791,10,18,479.76
PRD006,2024-08-16 08:51:18.467791,11,58,500.96
PRD006,2024-08-17 08:51:18.467791,14,7,444.4
PRD006,2024-08-18 08:51:18.467791,15,66,449.96
PRD006,2024-08-19 08:51:18.467791,9,71,436.83
PRD006,2024-08-20 08:51:18.467791,6,30,452.62
PRD006,2024-08-21 08:51:18.467791,12,58,424.86
PRD006,2024-08-22 08:51:18.467791,8,15,438.03
PRD006,2024-08-23 08:51:18.467791,10,37,474.35
PRD006,2024-08-24 08:51:18.467791,17,73,502.08
PRD006,2024-08-25 08:51:18.467791,18,19,429.07
PRD006,2024-08-26 08:51:18.467791,10,11,486.97
PRD006,2024-08-27 08:51:18.467791,11,57,415.27
PRD006,2024-08-28 08:51:18.467791,11,17,453.06
PRD006,2024-08-29 08:51:18.467791,12,62,430.3
PRD006,2024-08-30 08:51:18.467791,13,74,430.08
PRD006,2024-08-31 08:51:18.467791,23,67,482.53
PRD006,2024-09-01 08:51:18.467791,13,22,481.07
PRD006,2024-09-02 08:51:18.467791,9,40,412.52
PRD006,2024-09-03 08:51:18.467791,6,32,471.22
PRD006,2024-09-04 08:51:18.467791,10,37,490.24
PRD006,2024-09-05 08:51:18.467791,9,18,487.33
PRD006,2024-09-06 08:51:18.467791,9,86,457.11
PRD006,2024-09-07 08:51:18.467791,15,21,497.26
PRD006,2024-09-08 08:51:18.467791,14,56,446.11
PRD006,2024-09-09 08:51:18.467791,10,32,448.3
PRD006,2024-09-10 08:51:18.467791,9,21,430.38
PRD006,2024-09-11 08:51:18.467791,10,75,431.64
PRD006,2024-09-12 08:51:18.467791,6,40,494.73
PRD006,2024-09-13 08:51:18.467791,10,75,497.59
PRD006,2024-09-14 08:51:18.467791,12,55,438.45
PRD006,2024-09-15 08:51:18.467791,17,41,411.75
PRD006,2024-09-16 08:51:18.467791,10,18,425.86
PRD006,2024-09-17 08:51:18.467791,11,84,442.87
PRD006,2024-09-18 08:51:18.467791,12,49,463.39
PRD006,2024-09-19 08:51:18.467791,8,62,492.92
PRD006,2024-09-20 08:51:18.467791,10,40,481.33
PRD006,2024-09-21 08:51:18.467791,12,9,490.3
PRD006,2024-09-22 08:51:18.467791,14,6,487.13
PRD006,2024-09-23 08:51:18.467791,9,40,489.45
PRD006,2024-09-24 08:51:18.467791,8,69,467.58
PRD006,2024-09-25 08:51:18.467791,17,75,481.44
PRD006,2024-09-26 08:51:18.467791,9,32,489.04
PRD006,2024-09-27 08:51:18.467791,13,43,499.31
PRD006,2024-09-28 08:51:18.467791,20,5,496.11
PRD006,2024-09-29 08:51:18.467791,14,73,501.28
PRD006,2024-09-30 08:51:18.467791,11,16,449.58
PRD006,2024-10-01 08:51:18.467791,8,72,470.19
PRD006,2024-10-02 08:51:18.467791,9,60,498.2
PRD006,2024-10-03 08:51:18.467791,12,27,443.88
PRD006,2024-10-04 08:51:18.467791,13,53,411.85
PRD006,2024-10-05 08:51:18.467791,15,39,426.23
PRD006,2024-10-06 08:51:18.467791,15,22,468.54
PRD006,2024-10-07 08:51:18.467791,7,29,427.58
PRD006,2024-10-08 08:51:18.467791,12,42,425.21
PRD006,2024-10-09 08:51:18.467791,6,14,500.65
PRD006,2024-10-10 08:51:18.467791,12,28,489.58
PRD006,2024-10-11 08:51:18.467791,11,26,440.34
PRD006,2024-10-12 08:51:18.467791,15,47,472.26
PRD006,2024-10-13 08:51:18.467791,14,6,470.21
PRD006,2024-10-14 08:51:18.467791,10,77,461.03
PRD006,2024-10-15 08:51:18.467791,11,71,426.53
PRD006,2024-10-16 08:51:18.467791,7,17,423.92
PRD006,2024-10-17 08:51:18.467791,8,66,477.57
PRD006,2024-10-18 08:51:18.467791,7,45,435.41
PRD006,2024-10-19 08:51:18.467791,15,32,429.69
PRD006,2024-10-20 08:51:18.467791,16,73,439.69
PRD006,2024-10-21 08:51:18.467791,11,77,430.74
PRD006,2024-10-22 08:51:18.467791,11,12,500.79
PRD006,2024-10-23 08:51:18.467791,10,18,497.62
PRD006,2024-10-24 08:51:18.467791,6,57,470.52
PRD006,2024-10-25 08:51:18.467791,16,14,446.27
PRD006,2024-10-26 08:51:18.467791,18,57,450.43
PRD006,2024-10-27 08:51:18.467791,17,74,492.25
PRD006,2024-10-28 08:51:18.467791,13,51,495.84
PRD006,2024-10-29 08:51:18.467791,10,13,431.02
PRD006,2024-10-30 08:51:18.467791,12,61,469.37
PRD006,2024-10-31 08:51:18.467791,14,61,438.03
PRD006,2024-11-01 08:51:18.467791,12,69,436.84
PRD006,2024-11-02 08:51:18.467791,13,28,446.6
PRD006,2024-11-03 08:51:18.467791,14,50,474.84
PRD006,2024-11-04 08:51:18.467791,9,34,490.2
PRD006,2024-11-05 08:51:18.467791,11,86,500.77
PRD006,2024-11-06 08:51:18.467791,10,82,433.04
PRD006,2024-11-07 08:51:18.467791,9,37,455.13
PRD006,2024-11-08 08:51:18.467791,10,14,461.95
PRD006,2024-11-09 08:51:18.467791,16,49,498.27
PRD006,2024-11-10 08:51:18.467791,15,21,481.83
PRD006,2024-11-11 08:51:18.467791,11,31,487.7
PRD006,2024-11-12 08:51:18.467791,10,71,468.71
PRD006,2024-11-13 08:51:18.467791,9,19,425.88
PRD006,2024-11-14 08:51:18.467791,9,22,428.86
PRD006,2024-11-15 08:51:18.467791,10,45,442.38
PRD006,2024-11-16 08:51:18.467791,11,15,481.73
PRD006,2024-11-17 08:51:18.467791,12,38,456.89
PRD006,2024-11-18 08:51:18.467791,11,44,465.85
PRD006,2024-11-19 08:51:18.467791,8,55,486.6
PRD006,2024-11-20 08:51:18.467791,13,34,490.18
PRD006,2024-11-21 08:51:18.467791,13,41,437.05
PRD006,2024-11-22 08:51:18.467791,10,79,449.45
PRD006,2024-11-23 08:51:18.467791,14,16,417.3
PRD006,2024-11-24 08:51:18.467791,17,10,456.44
PRD006,2024-11-25 08:51:18.467791,10,75,485.74
PRD006,2024-11-26 08:51:18.467791,10,55,498.86
PRD006,2024-11-27 08:51:18.467791,15,12,482.84
PRD006,2024-11-28 08:51:18.467791,11,37,448.4
PRD006,2024-11-29 08:51:18.467791,13,76,419.59
PRD006,2024-11-30 08:51:18.467791,17,65,420.03
PRD006,2024-12-01 08:51:18.467791,13,63,433.41
PRD006,2024-12-02 08:51:18.467791,11,52,487.31
PRD006,2024-12-03 08:51:18.467791,9,42,466.34
PRD006,2024-12-04 08:51:18.467791,12,40,426.1
PRD006,2024-12-05 08:51:18.467791,8,52,447.99
PRD006,2024-12-06 08:51:18.467791,7,83,480.08
PRD006,2024-12-07 08:51:18.467791,14,25,467.75
PRD006,2024-12-08 08:51:18.467791,11,55,454.61
PRD006,2024-12-09 08:51:18.467791,10,35,449.37
PRD006,2024-12-10 08:51:18.467791,9,91,491.55
PRD006,2024-12-11 08:51:18.467791,11,78,414.22
PRD006,2024-12-12 08:51:18.467791,6,51,436.51
PRD006,2024-12-13 08:51:18.467791,8,58,450.21
PRD006,2024-12-14 08:51:18.467791,13,14,437.46
PRD006,2024-12-15 08:51:18.467791,17,58,444.03
PRD006,2024-12-16 08:51:18.467791,11,19,441.56
PRD006,2024-12-17 08:51:18.467791,9,66,501.11
PRD006,2024-12-18 08:51:18.467791,10,23,414.75
PRD006,2024-12-19 08:51:18.467791,11,12,447.56
PRD006,2024-12-20 08:51:18.467791,7,63,432.9
PRD006,2024-12-21 08:51:18.467791,14,43,425.61
PRD006,2024-12-22 08:51:18.467791,14,71,424.47
PRD006,2024-12-23 08:51:18.467791,13,28,454.93
PRD006,2024-12-24 08:51:18.467791,11,67,445.76
PRD006,2024-12-25 08:51:18.467791,15,17,484.14
PRD006,2024-12-26 08:51:18.467791,15,66,411.49
PRD006,2024-12-27 08:51:18.467791,11,38,417.73
PRD006,2024-12-28 08:51:18.467791,16,28,484.12
PRD006,2024-12-29 08:51:18.467791,21,69,436.79
PRD006,2024-12-30 08:51:18.467791,8,14,473.53
PRD006,2024-12-31 08:51:18.467791,14,20,483.61
PRD006,2025-01-01 08:51:18.467791,6,21,482.06
PRD006,2025-01-02 08:51:18.467791,12,8,461.55
PRD006,2025-01-03 08:51:18.467791,12,63,480.2
PRD006,2025-01-04 08:51:18.467791,11,9,468.33
PRD006,2025-01-05 08:51:18.467791,17,44,460.43
PRD006,2025-01-06 08:51:18.467791,11,25,413.35
PRD006,2025-01-07 08:51:18.467791,9,78,486.9
PRD006,2025-01-08 08:51:18.467791,11,11,450.99
PRD006,2025-01-09 08:51:18.467791,8,59,483.7
PRD006,2025-01-10 08:51:18.467791,10,31,466.42
PRD006,2025-01-11 08:51:18.467791,16,48,417.7
PRD006,2025-01-12 08:51:18.467791,12,82,439.94
PRD006,2025-01-13 08:51:18.467791,12,16,500.71
PRD006,2025-01-14 08:51:18.467791,11,70,428.27
PRD006,2025-01-15 08:51:18.467791,11,39,419.85
PRD006,2025-01-16 08:51:18.467791,6,34,419.47
PRD006,2025-01-17 08:51:18.467791,9,45,435.8
PRD006,2025-01-18 08:51:18.467791,13,66,419.16
PRD006,2025-01-19 08:51:18.467791,16,16,466.32
PRD006,2025-01-20 08:51:18.467791,9,72,483.42
PRD006,2025-01-21 08:51:18.467791,7,57,488.32
PRD006,2025-01-22 08:51:18.467791,6,81,441.18
PRD006,2025-01-23 08:51:18.467791,12,77,492.17
PRD006,2025-01-24 08:51:18.467791,9,66,430.98
PRD006,2025-01-25 08:51:18.467791,20,10,497.53
PRD006,2025-01-26 08:51:18.467791,20,39,453.91
PRD006,2025-01-27 08:51:18.467791,10,59,467.97
PRD006,2025-01-28 08:51:18.467791,10,79,434.13
PRD006,2025-01-29 08:51:18.467791,10,66,441.48
PRD006,2025-01-30 08:51:18.467791,9,58,487.22
PRD006,2025-01-31 08:51:18.467791,13,71,431.53
PRD006,2025-02-01 08:51:18.467791,11,25,486.38
PRD006,2025-02-02 08:51:18.467791,14,15,497.45
PRD006,2025-02-03 08:51:18.467791,7,72,498.41
PRD006,2025-02-04 08:51:18.467791,12,74,448.22
PRD006,2025-02-05 08:51:18.467791,12,44,474.16
PRD006,2025-02-06 08:51:18.467791,8,20,465.3
PRD006,2025-02-07 08:51:18.467791,8,24,451.52
PRD006,2025-02-08 08:51:18.467791,14,65,462.6
PRD006,2025-02-09 08:51:18.467791,12,22,463.93
PRD006,2025-02-10 08:51:18.467791,7,36,484.97
PRD006,2025-02-11 08:51:18.467791,9,36,469.39
PRD006,2025-02-12 08:51:18.467791,10,64,423.65
PRD006,2025-02-13 08:51:18.467791,9,42,427.57
PRD006,2025-02-14 08:51:18.467791,13,45,470.17
PRD006,2025-02-15 08:51:18.467791,18,49,482.69
PRD006,2025-02-16 08:51:18.467791,16,67,475.9
PRD006,2025-02-17 08:51:18.467791,11,9,449.43
PRD006,2025-02-18 08:51:18.467791,7,82,482.78
PRD006,2025-02-19 08:51:18.467791,10,27,425.52
PRD006,2025-02-20 08:51:18.467791,10,48,423.06
PRD006,2025-02-21 08:51:18.467791,7,84,462.55
PRD006,2025-02-22 08:51:18.467791,14,28,449.63
PRD006,2025-02-23 08:51:18.467791,14,81,413.51
PRD006,2025-02-24 08:51:18.467791,11,87,496.58
PRD006,2025-02-25 08:51:18.467791,12,56,416.39
PRD006,2025-02-26 08:51:18.467791,10,84,423.69
PRD006,2025-02-27 08:51:18.467791,13,68,480.9
PRD006,2025-02-28 08:51:18.467791,11,58,452.36
PRD006,2025-03-01 08:51:18.467791,18,2,418.59
PRD006,2025-03-02 08:51:18.467791,14,65,455.68
PRD006,2025-03-03 08:51:18.467791,12,4,430.31
PRD006,2025-03-04 08:51:18.467791,10,59,466.21
PRD006,2025-03-05 08:51:18.467791,10,42,480.4
PRD006,2025-03-06 08:51:18.467791,8,29,481.04
PRD006,2025-03-07 08:51:18.467791,6,56,462.56
PRD006,2025-03-08 08:51:18.467791,15,51,423.59
PRD006,2025-03-09 08:51:18.467791,19,73,418.94
PRD006,2025-03-10 08:51:18.467791,8,12,421.77
PRD006,2025-03-11 08:51:18.467791,10,59,414.31
PRD006,2025-03-12 08:51:18.467791,10,39,412.72
PRD006,2025-03-13 08:51:18.467791,9,32,412.05
PRD006,2025-03-14 08:51:18.467791,12,82,498.54
PRD006,2025-03-15 08:51:18.467791,16,39,481.86
PRD006,2025-03-16 08:51:18.467791,14,19,459.84
PRD006,2025-03-17 08:51:18.467791,12,24,418.04
PRD006,2025-03-18 08:51:18.467791,11,42,498.73
PRD006,2025-03-19 08:51:18.467791,10,75,442.79
PRD006,2025-03-20 08:51:18.467791,10,15,430.32
PRD006,2025-03-21 08:51:18.467791,10,58,423.41
PRD006,2025-03-22 08:51:18.467791,16,54,430.54
PRD006,2025-03-23 08:51:18.467791,15,22,444.4
PRD006,2025-03-24 08:51:18.467791,10,84,486.88
PRD006,2025-03-25 08:51:18.467791,13,61,426.69
PRD006,2025-03-26 08:51:18.467791,10,53,454.0
PRD006,2025-03-27 08:51:18.467791,14,65,433.64
PRD006,2025-03-28 08:51:18.467791,16,59,427.85
PRD006,2025-03-29 08:51:18.467791,16,69,447.23
PRD006,2025-03-30 08:51:18.467791,19,46,497.98
PRD006,2025-03-31 08:51:18.467791,12,55,419.67
PRD006,2025-04-01 08:51:18.467791,13,83,459.5
PRD006,2025-04-02 08:51:18.467791,12,44,443.68
PRD006,2025-04-03 08:51:18.467791,8,21,437.92
PRD006,2025-04-04 08:51:18.467791,6,73,420.88
PRD006,2025-04-05 08:51:18.467791,10,60,448.24
PRD006,2025-04-06 08:51:18.467791,11,68,458.7
PRD006,2025-04-07 08:51:18.467791,10,55,423.57
PRD006,2025-04-08 08:51:18.467791,11,58,413.69
PRD006,2025-04-09 08:51:18.467791,10,71,414.59
PRD006,2025-04-10 08:51:18.467791,9,30,492.24
PRD006,2025-04-11 08:51:18.467791,9,83,425.09
PRD006,2025-04-12 08:51:18.467791,12,16,468.59
PRD006,2025-04-13 08:51:18.467791,15,64,443.0
PRD006,2025-04-14 08:51:18.467791,9,63,490.93
PRD006,2025-04-15 08:51:18.467791,11,70,484.07
PRD006,2025-04-16 08:51:18.467791,10,58,466.78
PRD006,2025-04-17 08:51:18.467791,7,14,446.49
