product_id,date,sales_quantity,stock_level,price
PRD001,2024-05-22 09:12:32.027067,5,47,117.8
PRD001,2024-05-23 09:12:32.027067,9,37,134.37
PRD001,2024-05-24 09:12:32.027067,6,93,114.37
PRD001,2024-05-25 09:12:32.027067,14,60,131.6
PRD001,2024-05-26 09:12:32.027067,16,16,127.09
PRD001,2024-05-27 09:12:32.027067,7,26,116.85
PRD001,2024-05-28 09:12:32.027067,10,49,119.26
PRD001,2024-05-29 09:12:32.027067,8,44,115.71
PRD001,2024-05-30 09:12:32.027067,10,12,135.01
PRD001,2024-05-31 09:12:32.027067,8,28,113.14
PRD001,2024-06-01 09:12:32.027067,12,23,132.35
PRD001,2024-06-02 09:12:32.027067,8,68,117.99
PRD001,2024-06-03 09:12:32.027067,6,33,113.52
PRD001,2024-06-04 09:12:32.027067,7,74,134.31
PRD001,2024-06-05 09:12:32.027067,6,34,128.83
PRD001,2024-06-06 09:12:32.027067,5,59,113.33
PRD001,2024-06-07 09:12:32.027067,8,82,120.29
PRD001,2024-06-08 09:12:32.027067,13,31,121.26
PRD001,2024-06-09 09:12:32.027067,10,29,122.06
PRD001,2024-06-10 09:12:32.027067,7,77,134.27
PRD001,2024-06-11 09:12:32.027067,6,10,116.2
PRD001,2024-06-12 09:12:32.027067,6,21,132.63
PRD001,2024-06-13 09:12:32.027067,6,74,136.07
PRD001,2024-06-14 09:12:32.027067,4,19,116.72
PRD001,2024-06-15 09:12:32.027067,10,23,116.15
PRD001,2024-06-16 09:12:32.027067,13,48,114.22
PRD001,2024-06-17 09:12:32.027067,4,62,122.29
PRD001,2024-06-18 09:12:32.027067,4,91,130.89
PRD001,2024-06-19 09:12:32.027067,4,26,124.15
PRD001,2024-06-20 09:12:32.027067,4,68,113.15
PRD001,2024-06-21 09:12:32.027067,8,67,114.25
PRD001,2024-06-22 09:12:32.027067,11,67,119.25
PRD001,2024-06-23 09:12:32.027067,10,42,132.47
PRD001,2024-06-24 09:12:32.027067,7,69,133.56
PRD001,2024-06-25 09:12:32.027067,10,45,128.3
PRD001,2024-06-26 09:12:32.027067,7,80,127.13
PRD001,2024-06-27 09:12:32.027067,11,16,131.57
PRD001,2024-06-28 09:12:32.027067,11,25,126.39
PRD001,2024-06-29 09:12:32.027067,13,26,116.05
PRD001,2024-06-30 09:12:32.027067,12,21,135.09
PRD001,2024-07-01 09:12:32.027067,7,66,129.82
PRD001,2024-07-02 09:12:32.027067,7,17,114.88
PRD001,2024-07-03 09:12:32.027067,6,86,136.14
PRD001,2024-07-04 09:12:32.027067,4,89,134.32
PRD001,2024-07-05 09:12:32.027067,9,28,129.2
PRD001,2024-07-06 09:12:32.027067,11,51,134.91
PRD001,2024-07-07 09:12:32.027067,11,87,112.4
PRD001,2024-07-08 09:12:32.027067,7,51,125.75
PRD001,2024-07-09 09:12:32.027067,7,44,129.56
PRD001,2024-07-10 09:12:32.027067,7,22,135.21
PRD001,2024-07-11 09:12:32.027067,6,61,130.81
PRD001,2024-07-12 09:12:32.027067,7,69,136.45
PRD001,2024-07-13 09:12:32.027067,7,78,132.77
PRD001,2024-07-14 09:12:32.027067,11,79,128.12
PRD001,2024-07-15 09:12:32.027067,5,40,133.05
PRD001,2024-07-16 09:12:32.027067,6,49,117.1
PRD001,2024-07-17 09:12:32.027067,6,18,125.0
PRD001,2024-07-18 09:12:32.027067,8,55,127.28
PRD001,2024-07-19 09:12:32.027067,5,44,124.5
PRD001,2024-07-20 09:12:32.027067,7,35,120.03
PRD001,2024-07-21 09:12:32.027067,11,37,117.4
PRD001,2024-07-22 09:12:32.027067,6,26,113.69
PRD001,2024-07-23 09:12:32.027067,8,76,125.41
PRD001,2024-07-24 09:12:32.027067,5,18,118.11
PRD001,2024-07-25 09:12:32.027067,7,61,126.06
PRD001,2024-07-26 09:12:32.027067,11,32,121.05
PRD001,2024-07-27 09:12:32.027067,11,35,128.62
PRD001,2024-07-28 09:12:32.027067,10,53,117.87
PRD001,2024-07-29 09:12:32.027067,8,29,112.69
PRD001,2024-07-30 09:12:32.027067,11,79,136.25
PRD001,2024-07-31 09:12:32.027067,10,46,124.55
PRD001,2024-08-01 09:12:32.027067,6,35,134.57
PRD001,2024-08-02 09:12:32.027067,7,21,113.8
PRD001,2024-08-03 09:12:32.027067,6,14,111.83
PRD001,2024-08-04 09:12:32.027067,9,79,135.49
PRD001,2024-08-05 09:12:32.027067,8,55,120.42
PRD001,2024-08-06 09:12:32.027067,8,78,123.46
PRD001,2024-08-07 09:12:32.027067,4,41,115.98
PRD001,2024-08-08 09:12:32.027067,3,90,132.14
PRD001,2024-08-09 09:12:32.027067,6,14,125.45
PRD001,2024-08-10 09:12:32.027067,10,33,134.62
PRD001,2024-08-11 09:12:32.027067,10,87,129.45
PRD001,2024-08-12 09:12:32.027067,7,75,131.03
PRD001,2024-08-13 09:12:32.027067,7,25,119.03
PRD001,2024-08-14 09:12:32.027067,6,45,115.74
PRD001,2024-08-15 09:12:32.027067,9,10,116.49
PRD001,2024-08-16 09:12:32.027067,8,27,115.18
PRD001,2024-08-17 09:12:32.027067,9,73,135.06
PRD001,2024-08-18 09:12:32.027067,13,75,129.25
PRD001,2024-08-19 09:12:32.027067,4,36,130.69
PRD001,2024-08-20 09:12:32.027067,5,24,120.06
PRD001,2024-08-21 09:12:32.027067,7,93,112.03
PRD001,2024-08-22 09:12:32.027067,5,47,121.81
PRD001,2024-08-23 09:12:32.027067,9,19,126.49
PRD001,2024-08-24 09:12:32.027067,13,80,134.28
PRD001,2024-08-25 09:12:32.027067,13,73,130.11
PRD001,2024-08-26 09:12:32.027067,10,28,135.58
PRD001,2024-08-27 09:12:32.027067,10,32,130.69
PRD001,2024-08-28 09:12:32.027067,6,66,134.83
PRD001,2024-08-29 09:12:32.027067,9,71,127.03
PRD001,2024-08-30 09:12:32.027067,8,50,134.08
PRD001,2024-08-31 09:12:32.027067,16,12,122.29
PRD001,2024-09-01 09:12:32.027067,9,17,131.24
PRD001,2024-09-02 09:12:32.027067,8,52,125.0
PRD001,2024-09-03 09:12:32.027067,8,46,115.49
PRD001,2024-09-04 09:12:32.027067,6,15,120.84
PRD001,2024-09-05 09:12:32.027067,7,9,114.98
PRD001,2024-09-06 09:12:32.027067,4,23,116.63
PRD001,2024-09-07 09:12:32.027067,9,43,128.38
PRD001,2024-09-08 09:12:32.027067,10,81,136.5
PRD001,2024-09-09 09:12:32.027067,5,47,136.28
PRD001,2024-09-10 09:12:32.027067,7,18,128.08
PRD001,2024-09-11 09:12:32.027067,7,84,118.97
PRD001,2024-09-12 09:12:32.027067,8,48,136.05
PRD001,2024-09-13 09:12:32.027067,5,76,118.86
PRD001,2024-09-14 09:12:32.027067,10,35,130.62
PRD001,2024-09-15 09:12:32.027067,13,44,131.34
PRD001,2024-09-16 09:12:32.027067,6,52,115.11
PRD001,2024-09-17 09:12:32.027067,6,72,128.9
PRD001,2024-09-18 09:12:32.027067,7,24,121.11
PRD001,2024-09-19 09:12:32.027067,8,27,129.31
PRD001,2024-09-20 09:12:32.027067,5,43,118.58
PRD001,2024-09-21 09:12:32.027067,8,48,124.43
PRD001,2024-09-22 09:12:32.027067,11,43,120.52
PRD001,2024-09-23 09:12:32.027067,5,54,134.29
PRD001,2024-09-24 09:12:32.027067,8,43,135.73
PRD001,2024-09-25 09:12:32.027067,7,12,131.62
PRD001,2024-09-26 09:12:32.027067,8,23,122.37
PRD001,2024-09-27 09:12:32.027067,10,44,136.46
PRD001,2024-09-28 09:12:32.027067,12,52,125.27
PRD001,2024-09-29 09:12:32.027067,15,66,125.5
PRD001,2024-09-30 09:12:32.027067,11,72,136.64
PRD001,2024-10-01 09:12:32.027067,5,18,131.88
PRD001,2024-10-02 09:12:32.027067,7,54,135.28
PRD001,2024-10-03 09:12:32.027067,5,25,112.95
PRD001,2024-10-04 09:12:32.027067,8,91,120.91
PRD001,2024-10-05 09:12:32.027067,12,17,130.31
PRD001,2024-10-06 09:12:32.027067,12,14,114.31
PRD001,2024-10-07 09:12:32.027067,6,18,135.87
PRD001,2024-10-08 09:12:32.027067,7,65,114.33
PRD001,2024-10-09 09:12:32.027067,5,52,135.16
PRD001,2024-10-10 09:12:32.027067,4,51,135.53
PRD001,2024-10-11 09:12:32.027067,7,18,123.91
PRD001,2024-10-12 09:12:32.027067,8,18,129.28
PRD001,2024-10-13 09:12:32.027067,11,15,119.38
PRD001,2024-10-14 09:12:32.027067,7,25,130.39
PRD001,2024-10-15 09:12:32.027067,8,63,132.02
PRD001,2024-10-16 09:12:32.027067,10,20,130.94
PRD001,2024-10-17 09:12:32.027067,5,50,124.87
PRD001,2024-10-18 09:12:32.027067,7,54,114.64
PRD001,2024-10-19 09:12:32.027067,8,19,134.79
PRD001,2024-10-20 09:12:32.027067,9,81,123.19
PRD001,2024-10-21 09:12:32.027067,5,55,123.11
PRD001,2024-10-22 09:12:32.027067,8,27,118.67
PRD001,2024-10-23 09:12:32.027067,10,36,112.7
PRD001,2024-10-24 09:12:32.027067,4,53,124.05
PRD001,2024-10-25 09:12:32.027067,6,58,131.72
PRD001,2024-10-26 09:12:32.027067,15,12,127.29
PRD001,2024-10-27 09:12:32.027067,14,77,127.17
PRD001,2024-10-28 09:12:32.027067,9,20,132.01
PRD001,2024-10-29 09:12:32.027067,9,28,130.38
PRD001,2024-10-30 09:12:32.027067,10,39,122.57
PRD001,2024-10-31 09:12:32.027067,6,63,117.58
PRD001,2024-11-01 09:12:32.027067,6,32,133.03
PRD001,2024-11-02 09:12:32.027067,9,72,118.48
PRD001,2024-11-03 09:12:32.027067,11,76,132.21
PRD001,2024-11-04 09:12:32.027067,6,26,122.82
PRD001,2024-11-05 09:12:32.027067,8,20,113.89
PRD001,2024-11-06 09:12:32.027067,6,61,135.84
PRD001,2024-11-07 09:12:32.027067,4,83,134.95
PRD001,2024-11-08 09:12:32.027067,4,50,130.06
PRD001,2024-11-09 09:12:32.027067,12,34,122.97
PRD001,2024-11-10 09:12:32.027067,12,40,129.8
PRD001,2024-11-11 09:12:32.027067,9,91,136.51
PRD001,2024-11-12 09:12:32.027067,5,24,123.67
PRD001,2024-11-13 09:12:32.027067,8,30,118.68
PRD001,2024-11-14 09:12:32.027067,8,45,126.79
PRD001,2024-11-15 09:12:32.027067,6,50,132.2
PRD001,2024-11-16 09:12:32.027067,10,83,116.73
PRD001,2024-11-17 09:12:32.027067,12,17,121.66
PRD001,2024-11-18 09:12:32.027067,8,29,115.46
PRD001,2024-11-19 09:12:32.027067,6,94,116.11
PRD001,2024-11-20 09:12:32.027067,5,90,116.15
PRD001,2024-11-21 09:12:32.027067,8,27,115.25
PRD001,2024-11-22 09:12:32.027067,4,19,126.49
PRD001,2024-11-23 09:12:32.027067,14,34,129.97
PRD001,2024-11-24 09:12:32.027067,9,18,128.98
PRD001,2024-11-25 09:12:32.027067,8,90,133.29
PRD001,2024-11-26 09:12:32.027067,7,85,133.89
PRD001,2024-11-27 09:12:32.027067,7,60,125.81
PRD001,2024-11-28 09:12:32.027067,6,23,121.65
PRD001,2024-11-29 09:12:32.027067,9,74,130.48
PRD001,2024-11-30 09:12:32.027067,14,36,126.03
PRD001,2024-12-01 09:12:32.027067,9,81,118.1
PRD001,2024-12-02 09:12:32.027067,8,52,125.67
PRD001,2024-12-03 09:12:32.027067,8,13,129.91
PRD001,2024-12-04 09:12:32.027067,8,14,132.43
PRD001,2024-12-05 09:12:32.027067,4,20,121.29
PRD001,2024-12-06 09:12:32.027067,9,19,116.27
PRD001,2024-12-07 09:12:32.027067,10,61,119.1
PRD001,2024-12-08 09:12:32.027067,13,23,127.41
PRD001,2024-12-09 09:12:32.027067,7,76,118.53
PRD001,2024-12-10 09:12:32.027067,6,25,130.96
PRD001,2024-12-11 09:12:32.027067,8,37,113.31
PRD001,2024-12-12 09:12:32.027067,8,18,112.36
PRD001,2024-12-13 09:12:32.027067,6,23,131.31
PRD001,2024-12-14 09:12:32.027067,9,30,134.4
PRD001,2024-12-15 09:12:32.027067,10,14,119.05
PRD001,2024-12-16 09:12:32.027067,4,86,131.16
PRD001,2024-12-17 09:12:32.027067,7,13,123.82
PRD001,2024-12-18 09:12:32.027067,5,59,132.23
PRD001,2024-12-19 09:12:32.027067,6,32,116.07
PRD001,2024-12-20 09:12:32.027067,9,19,133.34
PRD001,2024-12-21 09:12:32.027067,12,34,122.59
PRD001,2024-12-22 09:12:32.027067,8,18,127.57
PRD001,2024-12-23 09:12:32.027067,8,35,128.74
PRD001,2024-12-24 09:12:32.027067,6,74,132.13
PRD001,2024-12-25 09:12:32.027067,7,31,132.5
PRD001,2024-12-26 09:12:32.027067,7,35,125.04
PRD001,2024-12-27 09:12:32.027067,9,30,132.09
PRD001,2024-12-28 09:12:32.027067,12,75,122.6
PRD001,2024-12-29 09:12:32.027067,11,58,135.72
PRD001,2024-12-30 09:12:32.027067,8,61,134.6
PRD001,2024-12-31 09:12:32.027067,12,71,126.28
PRD001,2025-01-01 09:12:32.027067,7,21,134.34
PRD001,2025-01-02 09:12:32.027067,9,55,121.87
PRD001,2025-01-03 09:12:32.027067,4,55,124.26
PRD001,2025-01-04 09:12:32.027067,10,26,116.6
PRD001,2025-01-05 09:12:32.027067,9,35,131.48
PRD001,2025-01-06 09:12:32.027067,6,27,120.95
PRD001,2025-01-07 09:12:32.027067,8,23,134.27
PRD001,2025-01-08 09:12:32.027067,6,18,131.24
PRD001,2025-01-09 09:12:32.027067,6,56,117.33
PRD001,2025-01-10 09:12:32.027067,9,56,129.81
PRD001,2025-01-11 09:12:32.027067,11,47,114.38
PRD001,2025-01-12 09:12:32.027067,11,13,115.14
PRD001,2025-01-13 09:12:32.027067,8,52,129.38
PRD001,2025-01-14 09:12:32.027067,4,94,123.8
PRD001,2025-01-15 09:12:32.027067,10,41,121.06
PRD001,2025-01-16 09:12:32.027067,8,83,113.89
PRD001,2025-01-17 09:12:32.027067,10,88,120.2
PRD001,2025-01-18 09:12:32.027067,13,17,118.16
PRD001,2025-01-19 09:12:32.027067,10,47,112.66
PRD001,2025-01-20 09:12:32.027067,3,89,134.71
PRD001,2025-01-21 09:12:32.027067,7,16,134.9
PRD001,2025-01-22 09:12:32.027067,5,19,128.28
PRD001,2025-01-23 09:12:32.027067,5,20,121.78
PRD001,2025-01-24 09:12:32.027067,5,74,129.87
PRD001,2025-01-25 09:12:32.027067,14,44,128.76
PRD001,2025-01-26 09:12:32.027067,12,44,116.87
PRD001,2025-01-27 09:12:32.027067,9,66,124.5
PRD001,2025-01-28 09:12:32.027067,12,14,111.88
PRD001,2025-01-29 09:12:32.027067,8,23,129.55
PRD001,2025-01-30 09:12:32.027067,8,34,125.23
PRD001,2025-01-31 09:12:32.027067,8,91,124.57
PRD001,2025-02-01 09:12:32.027067,9,91,130.04
PRD001,2025-02-02 09:12:32.027067,11,82,117.8
PRD001,2025-02-03 09:12:32.027067,6,79,127.58
PRD001,2025-02-04 09:12:32.027067,8,87,115.45
PRD001,2025-02-05 09:12:32.027067,8,72,117.96
PRD001,2025-02-06 09:12:32.027067,4,25,132.51
PRD001,2025-02-07 09:12:32.027067,6,33,133.42
PRD001,2025-02-08 09:12:32.027067,11,58,115.88
PRD001,2025-02-09 09:12:32.027067,7,35,127.01
PRD001,2025-02-10 09:12:32.027067,5,49,117.51
PRD001,2025-02-11 09:12:32.027067,6,27,125.4
PRD001,2025-02-12 09:12:32.027067,9,33,113.12
PRD001,2025-02-13 09:12:32.027067,5,89,132.61
PRD001,2025-02-14 09:12:32.027067,6,73,129.57
PRD001,2025-02-15 09:12:32.027067,11,53,115.13
PRD001,2025-02-16 09:12:32.027067,13,59,133.23
PRD001,2025-02-17 09:12:32.027067,7,82,132.07
PRD001,2025-02-18 09:12:32.027067,5,38,116.1
PRD001,2025-02-19 09:12:32.027067,7,56,130.05
PRD001,2025-02-20 09:12:32.027067,5,91,129.84
PRD001,2025-02-21 09:12:32.027067,8,48,123.48
PRD001,2025-02-22 09:12:32.027067,8,49,116.9
PRD001,2025-02-23 09:12:32.027067,10,14,119.99
PRD001,2025-02-24 09:12:32.027067,6,73,120.4
PRD001,2025-02-25 09:12:32.027067,10,12,130.65
PRD001,2025-02-26 09:12:32.027067,12,23,129.05
PRD001,2025-02-27 09:12:32.027067,10,85,123.08
PRD001,2025-02-28 09:12:32.027067,7,24,131.45
PRD001,2025-03-01 09:12:32.027067,10,34,128.35
PRD001,2025-03-02 09:12:32.027067,9,87,123.58
PRD001,2025-03-03 09:12:32.027067,7,93,128.11
PRD001,2025-03-04 09:12:32.027067,8,58,128.6
PRD001,2025-03-05 09:12:32.027067,8,76,129.76
PRD001,2025-03-06 09:12:32.027067,7,8,133.88
PRD001,2025-03-07 09:12:32.027067,8,82,125.18
PRD001,2025-03-08 09:12:32.027067,9,49,120.45
PRD001,2025-03-09 09:12:32.027067,12,10,131.18
PRD001,2025-03-10 09:12:32.027067,7,35,126.46
PRD001,2025-03-11 09:12:32.027067,5,31,113.27
PRD001,2025-03-12 09:12:32.027067,3,45,130.49
PRD001,2025-03-13 09:12:32.027067,7,86,120.29
PRD001,2025-03-14 09:12:32.027067,8,30,132.97
PRD001,2025-03-15 09:12:32.027067,6,73,122.95
PRD001,2025-03-16 09:12:32.027067,12,22,127.85
PRD001,2025-03-17 09:12:32.027067,8,44,131.19
PRD001,2025-03-18 09:12:32.027067,7,15,122.71
PRD001,2025-03-19 09:12:32.027067,4,24,115.58
PRD001,2025-03-20 09:12:32.027067,8,87,125.0
PRD001,2025-03-21 09:12:32.027067,6,17,127.16
PRD001,2025-03-22 09:12:32.027067,10,63,134.41
PRD001,2025-03-23 09:12:32.027067,10,89,114.99
PRD001,2025-03-24 09:12:32.027067,7,22,130.68
PRD001,2025-03-25 09:12:32.027067,9,56,122.58
PRD001,2025-03-26 09:12:32.027067,7,82,135.97
PRD001,2025-03-27 09:12:32.027067,7,17,116.04
PRD001,2025-03-28 09:12:32.027067,7,56,124.39
PRD001,2025-03-29 09:12:32.027067,13,18,125.32
PRD001,2025-03-30 09:12:32.027067,10,33,126.17
PRD001,2025-03-31 09:12:32.027067,9,48,127.22
PRD001,2025-04-01 09:12:32.027067,6,52,115.25
PRD001,2025-04-02 09:12:32.027067,5,94,127.74
PRD001,2025-04-03 09:12:32.027067,5,39,127.92
PRD001,2025-04-04 09:12:32.027067,7,62,136.54
PRD001,2025-04-05 09:12:32.027067,9,25,136.21
PRD001,2025-04-06 09:12:32.027067,10,26,117.32
PRD001,2025-04-07 09:12:32.027067,5,65,123.12
PRD001,2025-04-08 09:12:32.027067,7,81,132.55
PRD001,2025-04-09 09:12:32.027067,7,27,116.66
PRD001,2025-04-10 09:12:32.027067,8,79,121.41
PRD001,2025-04-11 09:12:32.027067,10,34,133.89
PRD001,2025-04-12 09:12:32.027067,11,64,113.39
PRD001,2025-04-13 09:12:32.027067,10,12,113.16
PRD001,2025-04-14 09:12:32.027067,5,95,133.73
PRD001,2025-04-15 09:12:32.027067,7,27,125.92
PRD001,2025-04-16 09:12:32.027067,8,31,116.75
PRD001,2025-04-17 09:12:32.027067,8,13,118.84
PRD001,2025-04-18 09:12:32.027067,6,46,117.3
PRD001,2025-04-19 09:12:32.027067,13,14,121.53
PRD001,2025-04-20 09:12:32.027067,11,26,131.47
PRD001,2025-04-21 09:12:32.027067,6,34,135.3
PRD001,2025-04-22 09:12:32.027067,7,28,134.39
PRD001,2025-04-23 09:12:32.027067,5,72,125.07
PRD001,2025-04-24 09:12:32.027067,6,82,133.67
PRD001,2025-04-25 09:12:32.027067,6,23,112.12
PRD001,2025-04-26 09:12:32.027067,11,59,122.16
PRD001,2025-04-27 09:12:32.027067,11,39,126.74
PRD001,2025-04-28 09:12:32.027067,9,58,126.63
PRD001,2025-04-29 09:12:32.027067,8,68,134.21
PRD001,2025-04-30 09:12:32.027067,9,30,133.55
PRD001,2025-05-01 09:12:32.027067,6,62,119.65
PRD001,2025-05-02 09:12:32.027067,5,67,132.7
PRD001,2025-05-03 09:12:32.027067,8,90,124.57
PRD001,2025-05-04 09:12:32.027067,12,29,128.84
PRD001,2025-05-05 09:12:32.027067,9,17,133.27
PRD001,2025-05-06 09:12:32.027067,8,36,114.87
PRD001,2025-05-07 09:12:32.027067,6,76,135.7
PRD001,2025-05-08 09:12:32.027067,8,75,119.03
PRD001,2025-05-09 09:12:32.027067,6,49,126.65
PRD001,2025-05-10 09:12:32.027067,8,59,123.52
PRD001,2025-05-11 09:12:32.027067,7,64,114.32
PRD001,2025-05-12 09:12:32.027067,9,53,130.42
PRD001,2025-05-13 09:12:32.027067,6,58,112.32
PRD001,2025-05-14 09:12:32.027067,4,87,124.95
PRD001,2025-05-15 09:12:32.027067,6,49,115.53
PRD001,2025-05-16 09:12:32.027067,9,87,120.87
PRD001,2025-05-17 09:12:32.027067,9,72,120.01
PRD001,2025-05-18 09:12:32.027067,8,29,133.17
PRD001,2025-05-19 09:12:32.027067,5,36,126.59
PRD001,2025-05-20 09:12:32.027067,7,88,126.95
PRD001,2025-05-21 09:12:32.027067,4,22,115.01
PRD001,2025-05-22 09:12:32.027067,4,31,115.5
PRD002,2024-05-22 09:12:32.027067,4,31,849.02
PRD002,2024-05-23 09:12:32.027067,6,92,849.64
PRD002,2024-05-24 09:12:32.027067,3,67,808.6
PRD002,2024-05-25 09:12:32.027067,10,29,747.93
PRD002,2024-05-26 09:12:32.027067,10,88,831.55
PRD002,2024-05-27 09:12:32.027067,8,54,750.1
PRD002,2024-05-28 09:12:32.027067,7,38,793.66
PRD002,2024-05-29 09:12:32.027067,3,26,807.8
PRD002,2024-05-30 09:12:32.027067,3,41,741.56
PRD002,2024-05-31 09:12:32.027067,5,82,887.02
PRD002,2024-06-01 09:12:32.027067,7,17,865.75
PRD002,2024-06-02 09:12:32.027067,4,74,780.15
PRD002,2024-06-03 09:12:32.027067,5,74,828.72
PRD002,2024-06-04 09:12:32.027067,3,86,835.38
PRD002,2024-06-05 09:12:32.027067,4,20,779.82
PRD002,2024-06-06 09:12:32.027067,4,63,770.38
PRD002,2024-06-07 09:12:32.027067,5,80,777.67
PRD002,2024-06-08 09:12:32.027067,6,23,822.5
PRD002,2024-06-09 09:12:32.027067,5,20,777.48
PRD002,2024-06-10 09:12:32.027067,5,72,879.33
PRD002,2024-06-11 09:12:32.027067,6,52,779.66
PRD002,2024-06-12 09:12:32.027067,2,97,794.83
PRD002,2024-06-13 09:12:32.027067,5,16,833.52
PRD002,2024-06-14 09:12:32.027067,3,45,883.29
PRD002,2024-06-15 09:12:32.027067,6,18,866.39
PRD002,2024-06-16 09:12:32.027067,7,51,749.36
PRD002,2024-06-17 09:12:32.027067,5,12,842.93
PRD002,2024-06-18 09:12:32.027067,4,88,819.76
PRD002,2024-06-19 09:12:32.027067,2,33,879.96
PRD002,2024-06-20 09:12:32.027067,6,30,790.83
PRD002,2024-06-21 09:12:32.027067,2,26,857.84
PRD002,2024-06-22 09:12:32.027067,8,79,803.72
PRD002,2024-06-23 09:12:32.027067,6,45,774.63
PRD002,2024-06-24 09:12:32.027067,5,18,877.75
PRD002,2024-06-25 09:12:32.027067,5,50,744.87
PRD002,2024-06-26 09:12:32.027067,5,71,801.62
PRD002,2024-06-27 09:12:32.027067,5,17,876.19
PRD002,2024-06-28 09:12:32.027067,8,62,824.77
PRD002,2024-06-29 09:12:32.027067,8,19,859.81
PRD002,2024-06-30 09:12:32.027067,9,42,837.5
PRD002,2024-07-01 09:12:32.027067,6,56,888.67
PRD002,2024-07-02 09:12:32.027067,4,21,829.31
PRD002,2024-07-03 09:12:32.027067,4,75,745.09
PRD002,2024-07-04 09:12:32.027067,5,86,735.78
PRD002,2024-07-05 09:12:32.027067,2,28,866.8
PRD002,2024-07-06 09:12:32.027067,10,38,775.54
PRD002,2024-07-07 09:12:32.027067,5,92,891.9
PRD002,2024-07-08 09:12:32.027067,5,41,783.95
PRD002,2024-07-09 09:12:32.027067,6,16,887.22
PRD002,2024-07-10 09:12:32.027067,5,17,814.51
PRD002,2024-07-11 09:12:32.027067,4,57,879.11
PRD002,2024-07-12 09:12:32.027067,4,17,892.18
PRD002,2024-07-13 09:12:32.027067,5,66,741.42
PRD002,2024-07-14 09:12:32.027067,8,76,761.5
PRD002,2024-07-15 09:12:32.027067,4,87,772.6
PRD002,2024-07-16 09:12:32.027067,4,19,741.31
PRD002,2024-07-17 09:12:32.027067,5,59,772.88
PRD002,2024-07-18 09:12:32.027067,5,95,746.93
PRD002,2024-07-19 09:12:32.027067,5,65,845.09
PRD002,2024-07-20 09:12:32.027067,4,51,830.42
PRD002,2024-07-21 09:12:32.027067,8,78,868.83
PRD002,2024-07-22 09:12:32.027067,7,58,737.08
PRD002,2024-07-23 09:12:32.027067,6,82,754.62
PRD002,2024-07-24 09:12:32.027067,5,31,802.07
PRD002,2024-07-25 09:12:32.027067,7,79,827.89
PRD002,2024-07-26 09:12:32.027067,5,77,873.56
PRD002,2024-07-27 09:12:32.027067,6,45,887.24
PRD002,2024-07-28 09:12:32.027067,5,14,769.66
PRD002,2024-07-29 09:12:32.027067,4,89,863.09
PRD002,2024-07-30 09:12:32.027067,5,92,798.56
PRD002,2024-07-31 09:12:32.027067,8,72,826.25
PRD002,2024-08-01 09:12:32.027067,6,21,844.61
PRD002,2024-08-02 09:12:32.027067,2,62,815.84
PRD002,2024-08-03 09:12:32.027067,7,90,799.61
PRD002,2024-08-04 09:12:32.027067,10,39,740.4
PRD002,2024-08-05 09:12:32.027067,6,24,870.87
PRD002,2024-08-06 09:12:32.027067,6,45,787.7
PRD002,2024-08-07 09:12:32.027067,6,26,875.98
PRD002,2024-08-08 09:12:32.027067,4,95,816.43
PRD002,2024-08-09 09:12:32.027067,4,17,830.1
PRD002,2024-08-10 09:12:32.027067,10,63,800.13
PRD002,2024-08-11 09:12:32.027067,8,74,861.49
PRD002,2024-08-12 09:12:32.027067,3,68,737.97
PRD002,2024-08-13 09:12:32.027067,3,75,884.03
PRD002,2024-08-14 09:12:32.027067,5,38,743.18
PRD002,2024-08-15 09:12:32.027067,7,19,881.01
PRD002,2024-08-16 09:12:32.027067,4,18,771.37
PRD002,2024-08-17 09:12:32.027067,9,20,808.88
PRD002,2024-08-18 09:12:32.027067,7,56,814.5
PRD002,2024-08-19 09:12:32.027067,4,34,788.59
PRD002,2024-08-20 09:12:32.027067,6,28,866.25
PRD002,2024-08-21 09:12:32.027067,6,48,823.0
PRD002,2024-08-22 09:12:32.027067,5,79,843.14
PRD002,2024-08-23 09:12:32.027067,2,59,851.09
PRD002,2024-08-24 09:12:32.027067,6,46,854.91
PRD002,2024-08-25 09:12:32.027067,10,83,817.86
PRD002,2024-08-26 09:12:32.027067,4,83,858.85
PRD002,2024-08-27 09:12:32.027067,6,57,747.04
PRD002,2024-08-28 09:12:32.027067,6,72,874.55
PRD002,2024-08-29 09:12:32.027067,4,79,836.78
PRD002,2024-08-30 09:12:32.027067,6,47,813.89
PRD002,2024-08-31 09:12:32.027067,11,16,740.99
PRD002,2024-09-01 09:12:32.027067,7,23,743.41
PRD002,2024-09-02 09:12:32.027067,2,19,833.97
PRD002,2024-09-03 09:12:32.027067,6,91,787.22
PRD002,2024-09-04 09:12:32.027067,3,35,848.64
PRD002,2024-09-05 09:12:32.027067,3,46,801.53
PRD002,2024-09-06 09:12:32.027067,6,18,872.05
PRD002,2024-09-07 09:12:32.027067,7,82,851.0
PRD002,2024-09-08 09:12:32.027067,9,29,829.34
PRD002,2024-09-09 09:12:32.027067,3,32,765.75
PRD002,2024-09-10 09:12:32.027067,5,64,807.24
PRD002,2024-09-11 09:12:32.027067,3,30,851.84
PRD002,2024-09-12 09:12:32.027067,6,25,771.04
PRD002,2024-09-13 09:12:32.027067,5,33,871.15
PRD002,2024-09-14 09:12:32.027067,9,82,854.26
PRD002,2024-09-15 09:12:32.027067,7,92,896.66
PRD002,2024-09-16 09:12:32.027067,3,32,875.26
PRD002,2024-09-17 09:12:32.027067,4,61,763.0
PRD002,2024-09-18 09:12:32.027067,5,44,763.32
PRD002,2024-09-19 09:12:32.027067,6,48,828.74
PRD002,2024-09-20 09:12:32.027067,4,53,752.96
PRD002,2024-09-21 09:12:32.027067,8,56,840.03
PRD002,2024-09-22 09:12:32.027067,6,25,814.87
PRD002,2024-09-23 09:12:32.027067,2,47,876.38
PRD002,2024-09-24 09:12:32.027067,3,23,838.34
PRD002,2024-09-25 09:12:32.027067,5,24,746.46
PRD002,2024-09-26 09:12:32.027067,3,69,809.37
PRD002,2024-09-27 09:12:32.027067,9,15,864.97
PRD002,2024-09-28 09:12:32.027067,10,59,777.8
PRD002,2024-09-29 09:12:32.027067,12,52,788.63
PRD002,2024-09-30 09:12:32.027067,7,87,775.58
PRD002,2024-10-01 09:12:32.027067,3,59,877.75
PRD002,2024-10-02 09:12:32.027067,2,60,858.47
PRD002,2024-10-03 09:12:32.027067,5,27,756.66
PRD002,2024-10-04 09:12:32.027067,4,30,855.56
PRD002,2024-10-05 09:12:32.027067,9,41,826.83
PRD002,2024-10-06 09:12:32.027067,8,72,827.88
PRD002,2024-10-07 09:12:32.027067,3,19,869.39
PRD002,2024-10-08 09:12:32.027067,4,30,881.29
PRD002,2024-10-09 09:12:32.027067,4,66,760.68
PRD002,2024-10-10 09:12:32.027067,3,97,864.79
PRD002,2024-10-11 09:12:32.027067,6,83,888.64
PRD002,2024-10-12 09:12:32.027067,8,32,885.35
PRD002,2024-10-13 09:12:32.027067,6,92,837.67
PRD002,2024-10-14 09:12:32.027067,5,24,796.77
PRD002,2024-10-15 09:12:32.027067,3,30,736.66
PRD002,2024-10-16 09:12:32.027067,6,20,812.91
PRD002,2024-10-17 09:12:32.027067,4,26,821.44
PRD002,2024-10-18 09:12:32.027067,7,32,833.88
PRD002,2024-10-19 09:12:32.027067,7,16,863.4
PRD002,2024-10-20 09:12:32.027067,7,44,741.17
PRD002,2024-10-21 09:12:32.027067,3,22,832.08
PRD002,2024-10-22 09:12:32.027067,4,79,750.91
PRD002,2024-10-23 09:12:32.027067,2,20,743.62
PRD002,2024-10-24 09:12:32.027067,5,95,793.13
PRD002,2024-10-25 09:12:32.027067,7,69,777.54
PRD002,2024-10-26 09:12:32.027067,10,55,876.66
PRD002,2024-10-27 09:12:32.027067,8,58,796.78
PRD002,2024-10-28 09:12:32.027067,6,46,889.86
PRD002,2024-10-29 09:12:32.027067,4,19,796.45
PRD002,2024-10-30 09:12:32.027067,4,14,838.67
PRD002,2024-10-31 09:12:32.027067,8,31,804.91
PRD002,2024-11-01 09:12:32.027067,5,31,868.04
PRD002,2024-11-02 09:12:32.027067,7,20,888.63
PRD002,2024-11-03 09:12:32.027067,6,89,747.26
PRD002,2024-11-04 09:12:32.027067,3,90,854.01
PRD002,2024-11-05 09:12:32.027067,5,76,840.99
PRD002,2024-11-06 09:12:32.027067,2,17,758.81
PRD002,2024-11-07 09:12:32.027067,6,51,879.15
PRD002,2024-11-08 09:12:32.027067,5,75,885.8
PRD002,2024-11-09 09:12:32.027067,7,80,828.27
PRD002,2024-11-10 09:12:32.027067,7,28,823.71
PRD002,2024-11-11 09:12:32.027067,3,51,872.78
PRD002,2024-11-12 09:12:32.027067,3,56,773.21
PRD002,2024-11-13 09:12:32.027067,6,55,770.73
PRD002,2024-11-14 09:12:32.027067,6,22,824.87
PRD002,2024-11-15 09:12:32.027067,3,15,878.75
PRD002,2024-11-16 09:12:32.027067,8,16,781.09
PRD002,2024-11-17 09:12:32.027067,5,32,757.73
PRD002,2024-11-18 09:12:32.027067,6,25,894.22
PRD002,2024-11-19 09:12:32.027067,3,49,792.82
PRD002,2024-11-20 09:12:32.027067,3,62,872.8
PRD002,2024-11-21 09:12:32.027067,4,32,772.34
PRD002,2024-11-22 09:12:32.027067,5,41,802.84
PRD002,2024-11-23 09:12:32.027067,6,49,793.83
PRD002,2024-11-24 09:12:32.027067,4,23,764.72
PRD002,2024-11-25 09:12:32.027067,5,38,861.59
PRD002,2024-11-26 09:12:32.027067,9,61,761.23
PRD002,2024-11-27 09:12:32.027067,8,25,801.98
PRD002,2024-11-28 09:12:32.027067,8,37,748.36
PRD002,2024-11-29 09:12:32.027067,7,24,880.1
PRD002,2024-11-30 09:12:32.027067,10,37,779.19
PRD002,2024-12-01 09:12:32.027067,4,63,827.33
PRD002,2024-12-02 09:12:32.027067,3,77,770.29
PRD002,2024-12-03 09:12:32.027067,7,45,741.5
PRD002,2024-12-04 09:12:32.027067,6,28,817.09
PRD002,2024-12-05 09:12:32.027067,2,64,848.52
PRD002,2024-12-06 09:12:32.027067,3,31,801.19
PRD002,2024-12-07 09:12:32.027067,8,34,783.46
PRD002,2024-12-08 09:12:32.027067,9,70,851.32
PRD002,2024-12-09 09:12:32.027067,3,55,805.2
PRD002,2024-12-10 09:12:32.027067,3,66,843.13
PRD002,2024-12-11 09:12:32.027067,4,76,823.09
PRD002,2024-12-12 09:12:32.027067,7,50,790.17
PRD002,2024-12-13 09:12:32.027067,5,36,817.81
PRD002,2024-12-14 09:12:32.027067,8,73,766.02
PRD002,2024-12-15 09:12:32.027067,7,34,860.94
PRD002,2024-12-16 09:12:32.027067,4,68,884.78
PRD002,2024-12-17 09:12:32.027067,6,28,828.41
PRD002,2024-12-18 09:12:32.027067,7,82,856.6
PRD002,2024-12-19 09:12:32.027067,3,22,836.85
PRD002,2024-12-20 09:12:32.027067,4,85,841.44
PRD002,2024-12-21 09:12:32.027067,7,13,842.49
PRD002,2024-12-22 09:12:32.027067,6,94,877.07
PRD002,2024-12-23 09:12:32.027067,5,55,896.63
PRD002,2024-12-24 09:12:32.027067,4,42,880.26
PRD002,2024-12-25 09:12:32.027067,4,90,767.36
PRD002,2024-12-26 09:12:32.027067,8,84,794.1
PRD002,2024-12-27 09:12:32.027067,5,94,798.17
PRD002,2024-12-28 09:12:32.027067,9,67,874.21
PRD002,2024-12-29 09:12:32.027067,13,78,863.52
PRD002,2024-12-30 09:12:32.027067,3,43,794.41
PRD002,2024-12-31 09:12:32.027067,8,59,843.58
PRD002,2025-01-01 09:12:32.027067,4,67,780.03
PRD002,2025-01-02 09:12:32.027067,5,37,759.52
PRD002,2025-01-03 09:12:32.027067,2,18,817.49
PRD002,2025-01-04 09:12:32.027067,7,47,775.32
PRD002,2025-01-05 09:12:32.027067,6,59,743.37
PRD002,2025-01-06 09:12:32.027067,7,24,802.68
PRD002,2025-01-07 09:12:32.027067,4,88,823.6
PRD002,2025-01-08 09:12:32.027067,6,59,765.59
PRD002,2025-01-09 09:12:32.027067,4,63,856.08
PRD002,2025-01-10 09:12:32.027067,3,61,771.79
PRD002,2025-01-11 09:12:32.027067,6,37,831.15
PRD002,2025-01-12 09:12:32.027067,7,58,771.74
PRD002,2025-01-13 09:12:32.027067,6,60,816.23
PRD002,2025-01-14 09:12:32.027067,4,50,835.41
PRD002,2025-01-15 09:12:32.027067,4,94,746.55
PRD002,2025-01-16 09:12:32.027067,4,30,838.9
PRD002,2025-01-17 09:12:32.027067,4,25,770.69
PRD002,2025-01-18 09:12:32.027067,6,35,884.47
PRD002,2025-01-19 09:12:32.027067,6,20,830.69
PRD002,2025-01-20 09:12:32.027067,6,76,864.15
PRD002,2025-01-21 09:12:32.027067,6,33,744.69
PRD002,2025-01-22 09:12:32.027067,4,35,758.72
PRD002,2025-01-23 09:12:32.027067,6,27,864.76
PRD002,2025-01-24 09:12:32.027067,5,66,764.56
PRD002,2025-01-25 09:12:32.027067,9,24,781.52
PRD002,2025-01-26 09:12:32.027067,10,86,801.34
PRD002,2025-01-27 09:12:32.027067,5,91,746.03
PRD002,2025-01-28 09:12:32.027067,4,56,871.2
PRD002,2025-01-29 09:12:32.027067,9,46,893.51
PRD002,2025-01-30 09:12:32.027067,8,24,801.18
PRD002,2025-01-31 09:12:32.027067,8,36,844.58
PRD002,2025-02-01 09:12:32.027067,6,57,789.78
PRD002,2025-02-02 09:12:32.027067,7,53,817.13
PRD002,2025-02-03 09:12:32.027067,5,71,760.03
PRD002,2025-02-04 09:12:32.027067,4,52,779.34
PRD002,2025-02-05 09:12:32.027067,3,67,737.32
PRD002,2025-02-06 09:12:32.027067,3,58,854.32
PRD002,2025-02-07 09:12:32.027067,5,58,752.29
PRD002,2025-02-08 09:12:32.027067,5,89,768.32
PRD002,2025-02-09 09:12:32.027067,6,35,819.27
PRD002,2025-02-10 09:12:32.027067,4,19,781.8
PRD002,2025-02-11 09:12:32.027067,5,71,830.1
PRD002,2025-02-12 09:12:32.027067,5,50,861.81
PRD002,2025-02-13 09:12:32.027067,5,31,797.29
PRD002,2025-02-14 09:12:32.027067,6,71,814.34
PRD002,2025-02-15 09:12:32.027067,5,15,765.8
PRD002,2025-02-16 09:12:32.027067,4,77,809.18
PRD002,2025-02-17 09:12:32.027067,5,50,849.38
PRD002,2025-02-18 09:12:32.027067,5,20,779.33
PRD002,2025-02-19 09:12:32.027067,7,37,747.19
PRD002,2025-02-20 09:12:32.027067,5,78,836.72
PRD002,2025-02-21 09:12:32.027067,6,66,852.39
PRD002,2025-02-22 09:12:32.027067,10,17,820.43
PRD002,2025-02-23 09:12:32.027067,8,50,763.07
PRD002,2025-02-24 09:12:32.027067,3,87,775.3
PRD002,2025-02-25 09:12:32.027067,8,14,748.53
PRD002,2025-02-26 09:12:32.027067,7,68,878.13
PRD002,2025-02-27 09:12:32.027067,6,25,893.54
PRD002,2025-02-28 09:12:32.027067,4,96,822.52
PRD002,2025-03-01 09:12:32.027067,5,58,891.93
PRD002,2025-03-02 09:12:32.027067,8,50,743.13
PRD002,2025-03-03 09:12:32.027067,5,27,787.61
PRD002,2025-03-04 09:12:32.027067,4,48,740.65
PRD002,2025-03-05 09:12:32.027067,3,39,857.57
PRD002,2025-03-06 09:12:32.027067,4,54,807.99
PRD002,2025-03-07 09:12:32.027067,3,27,769.07
PRD002,2025-03-08 09:12:32.027067,8,79,855.33
PRD002,2025-03-09 09:12:32.027067,9,89,788.46
PRD002,2025-03-10 09:12:32.027067,6,93,885.63
PRD002,2025-03-11 09:12:32.027067,4,71,885.98
PRD002,2025-03-12 09:12:32.027067,2,37,802.96
PRD002,2025-03-13 09:12:32.027067,6,82,860.08
PRD002,2025-03-14 09:12:32.027067,4,20,865.94
PRD002,2025-03-15 09:12:32.027067,7,74,830.13
PRD002,2025-03-16 09:12:32.027067,7,16,752.8
PRD002,2025-03-17 09:12:32.027067,5,85,803.27
PRD002,2025-03-18 09:12:32.027067,2,73,822.04
PRD002,2025-03-19 09:12:32.027067,3,86,843.44
PRD002,2025-03-20 09:12:32.027067,6,15,754.92
PRD002,2025-03-21 09:12:32.027067,4,60,855.18
PRD002,2025-03-22 09:12:32.027067,7,15,833.12
PRD002,2025-03-23 09:12:32.027067,6,21,866.55
PRD002,2025-03-24 09:12:32.027067,4,63,802.12
PRD002,2025-03-25 09:12:32.027067,6,34,750.89
PRD002,2025-03-26 09:12:32.027067,5,15,833.71
PRD002,2025-03-27 09:12:32.027067,7,85,831.4
PRD002,2025-03-28 09:12:32.027067,5,43,772.06
PRD002,2025-03-29 09:12:32.027067,9,55,831.44
PRD002,2025-03-30 09:12:32.027067,11,44,802.17
PRD002,2025-03-31 09:12:32.027067,8,13,793.75
PRD002,2025-04-01 09:12:32.027067,4,88,839.83
PRD002,2025-04-02 09:12:32.027067,2,54,823.83
PRD002,2025-04-03 09:12:32.027067,2,51,826.66
PRD002,2025-04-04 09:12:32.027067,2,13,828.87
PRD002,2025-04-05 09:12:32.027067,7,91,801.68
PRD002,2025-04-06 09:12:32.027067,8,30,771.34
PRD002,2025-04-07 09:12:32.027067,4,79,763.4
PRD002,2025-04-08 09:12:32.027067,5,26,770.32
PRD002,2025-04-09 09:12:32.027067,3,54,801.59
PRD002,2025-04-10 09:12:32.027067,3,33,848.35
PRD002,2025-04-11 09:12:32.027067,4,96,738.62
PRD002,2025-04-12 09:12:32.027067,6,26,776.08
PRD002,2025-04-13 09:12:32.027067,8,77,825.77
PRD002,2025-04-14 09:12:32.027067,7,33,755.85
PRD002,2025-04-15 09:12:32.027067,6,21,782.49
PRD002,2025-04-16 09:12:32.027067,3,64,869.7
PRD002,2025-04-17 09:12:32.027067,6,81,770.63
PRD002,2025-04-18 09:12:32.027067,3,32,885.97
PRD002,2025-04-19 09:12:32.027067,7,81,846.81
PRD002,2025-04-20 09:12:32.027067,10,74,844.34
PRD002,2025-04-21 09:12:32.027067,6,49,765.49
PRD002,2025-04-22 09:12:32.027067,5,35,855.29
PRD002,2025-04-23 09:12:32.027067,3,19,754.73
PRD002,2025-04-24 09:12:32.027067,4,72,890.73
PRD002,2025-04-25 09:12:32.027067,5,27,866.16
PRD002,2025-04-26 09:12:32.027067,9,15,810.74
PRD002,2025-04-27 09:12:32.027067,11,7,873.16
PRD002,2025-04-28 09:12:32.027067,6,42,762.94
PRD002,2025-04-29 09:12:32.027067,7,44,766.83
PRD002,2025-04-30 09:12:32.027067,5,80,792.3
PRD002,2025-05-01 09:12:32.027067,4,63,809.55
PRD002,2025-05-02 09:12:32.027067,4,49,778.37
PRD002,2025-05-03 09:12:32.027067,8,25,816.43
PRD002,2025-05-04 09:12:32.027067,6,76,804.17
PRD002,2025-05-05 09:12:32.027067,4,76,874.76
PRD002,2025-05-06 09:12:32.027067,4,52,821.88
PRD002,2025-05-07 09:12:32.027067,6,48,792.97
PRD002,2025-05-08 09:12:32.027067,2,70,752.21
PRD002,2025-05-09 09:12:32.027067,6,90,843.98
PRD002,2025-05-10 09:12:32.027067,5,37,873.05
PRD002,2025-05-11 09:12:32.027067,6,34,742.62
PRD002,2025-05-12 09:12:32.027067,4,55,890.49
PRD002,2025-05-13 09:12:32.027067,4,29,786.37
PRD002,2025-05-14 09:12:32.027067,4,35,787.12
PRD002,2025-05-15 09:12:32.027067,2,63,864.84
PRD002,2025-05-16 09:12:32.027067,5,73,809.32
PRD002,2025-05-17 09:12:32.027067,5,18,765.91
PRD002,2025-05-18 09:12:32.027067,5,36,881.39
PRD002,2025-05-19 09:12:32.027067,5,47,839.85
PRD002,2025-05-20 09:12:32.027067,4,22,793.33
PRD002,2025-05-21 09:12:32.027067,5,26,754.42
PRD002,2025-05-22 09:12:32.027067,3,33,897.04
PRD003,2024-05-22 09:12:32.027067,4,36,743.79
PRD003,2024-05-23 09:12:32.027067,4,70,683.49
PRD003,2024-05-24 09:12:32.027067,1,96,754.77
PRD003,2024-05-25 09:12:32.027067,7,34,805.16
PRD003,2024-05-26 09:12:32.027067,6,42,666.57
PRD003,2024-05-27 09:12:32.027067,2,34,798.4
PRD003,2024-05-28 09:12:32.027067,4,64,692.2
PRD003,2024-05-29 09:12:32.027067,3,49,750.31
PRD003,2024-05-30 09:12:32.027067,3,58,735.81
PRD003,2024-05-31 09:12:32.027067,1,49,771.92
PRD003,2024-06-01 09:12:32.027067,5,68,802.44
PRD003,2024-06-02 09:12:32.027067,4,49,699.45
PRD003,2024-06-03 09:12:32.027067,3,23,712.61
PRD003,2024-06-04 09:12:32.027067,2,26,693.86
PRD003,2024-06-05 09:12:32.027067,0,66,702.22
PRD003,2024-06-06 09:12:32.027067,0,42,804.88
PRD003,2024-06-07 09:12:32.027067,2,22,744.55
PRD003,2024-06-08 09:12:32.027067,3,70,664.3
PRD003,2024-06-09 09:12:32.027067,3,30,668.06
PRD003,2024-06-10 09:12:32.027067,4,27,687.78
PRD003,2024-06-11 09:12:32.027067,1,51,708.02
PRD003,2024-06-12 09:12:32.027067,2,56,719.84
PRD003,2024-06-13 09:12:32.027067,1,52,778.98
PRD003,2024-06-14 09:12:32.027067,0,95,753.43
PRD003,2024-06-15 09:12:32.027067,3,32,701.53
PRD003,2024-06-16 09:12:32.027067,3,68,800.4
PRD003,2024-06-17 09:12:32.027067,3,65,792.87
PRD003,2024-06-18 09:12:32.027067,2,86,679.0
PRD003,2024-06-19 09:12:32.027067,2,40,733.84
PRD003,2024-06-20 09:12:32.027067,2,23,680.92
PRD003,2024-06-21 09:12:32.027067,3,48,751.59
PRD003,2024-06-22 09:12:32.027067,3,26,762.72
PRD003,2024-06-23 09:12:32.027067,7,64,703.3
PRD003,2024-06-24 09:12:32.027067,2,58,726.52
PRD003,2024-06-25 09:12:32.027067,4,34,745.01
PRD003,2024-06-26 09:12:32.027067,6,51,671.93
PRD003,2024-06-27 09:12:32.027067,4,93,678.6
PRD003,2024-06-28 09:12:32.027067,3,21,670.36
PRD003,2024-06-29 09:12:32.027067,8,49,709.94
PRD003,2024-06-30 09:12:32.027067,5,38,780.67
PRD003,2024-07-01 09:12:32.027067,1,72,804.45
PRD003,2024-07-02 09:12:32.027067,1,25,687.38
PRD003,2024-07-03 09:12:32.027067,4,92,701.72
PRD003,2024-07-04 09:12:32.027067,0,45,691.34
PRD003,2024-07-05 09:12:32.027067,0,39,703.25
PRD003,2024-07-06 09:12:32.027067,6,24,764.78
PRD003,2024-07-07 09:12:32.027067,5,82,679.08
PRD003,2024-07-08 09:12:32.027067,4,36,708.36
PRD003,2024-07-09 09:12:32.027067,2,98,714.87
PRD003,2024-07-10 09:12:32.027067,4,19,722.4
PRD003,2024-07-11 09:12:32.027067,3,34,784.68
PRD003,2024-07-12 09:12:32.027067,2,91,721.59
PRD003,2024-07-13 09:12:32.027067,5,86,681.21
PRD003,2024-07-14 09:12:32.027067,4,38,730.36
PRD003,2024-07-15 09:12:32.027067,1,29,782.52
PRD003,2024-07-16 09:12:32.027067,1,81,711.43
PRD003,2024-07-17 09:12:32.027067,0,33,765.64
PRD003,2024-07-18 09:12:32.027067,3,69,795.53
PRD003,2024-07-19 09:12:32.027067,4,84,770.44
PRD003,2024-07-20 09:12:32.027067,5,88,761.69
PRD003,2024-07-21 09:12:32.027067,4,73,799.5
PRD003,2024-07-22 09:12:32.027067,4,27,775.96
PRD003,2024-07-23 09:12:32.027067,5,18,749.45
PRD003,2024-07-24 09:12:32.027067,2,31,708.43
PRD003,2024-07-25 09:12:32.027067,5,87,761.71
PRD003,2024-07-26 09:12:32.027067,2,22,771.52
PRD003,2024-07-27 09:12:32.027067,5,28,704.82
PRD003,2024-07-28 09:12:32.027067,5,38,743.94
PRD003,2024-07-29 09:12:32.027067,5,70,805.95
PRD003,2024-07-30 09:12:32.027067,4,37,728.28
PRD003,2024-07-31 09:12:32.027067,5,74,736.97
PRD003,2024-08-01 09:12:32.027067,0,63,695.7
PRD003,2024-08-02 09:12:32.027067,2,33,756.79
PRD003,2024-08-03 09:12:32.027067,6,59,792.95
PRD003,2024-08-04 09:12:32.027067,7,15,748.33
PRD003,2024-08-05 09:12:32.027067,1,95,721.83
PRD003,2024-08-06 09:12:32.027067,0,60,689.18
PRD003,2024-08-07 09:12:32.027067,0,28,726.88
PRD003,2024-08-08 09:12:32.027067,1,63,780.26
PRD003,2024-08-09 09:12:32.027067,1,99,727.6
PRD003,2024-08-10 09:12:32.027067,5,26,734.24
PRD003,2024-08-11 09:12:32.027067,3,89,782.79
PRD003,2024-08-12 09:12:32.027067,2,22,730.55
PRD003,2024-08-13 09:12:32.027067,2,90,750.71
PRD003,2024-08-14 09:12:32.027067,4,63,745.12
PRD003,2024-08-15 09:12:32.027067,4,44,792.45
PRD003,2024-08-16 09:12:32.027067,3,81,707.28
PRD003,2024-08-17 09:12:32.027067,4,20,761.24
PRD003,2024-08-18 09:12:32.027067,4,61,730.2
PRD003,2024-08-19 09:12:32.027067,2,32,721.71
PRD003,2024-08-20 09:12:32.027067,2,31,801.07
PRD003,2024-08-21 09:12:32.027067,3,36,678.43
PRD003,2024-08-22 09:12:32.027067,2,39,720.35
PRD003,2024-08-23 09:12:32.027067,4,37,765.61
PRD003,2024-08-24 09:12:32.027067,5,52,722.9
PRD003,2024-08-25 09:12:32.027067,5,27,724.21
PRD003,2024-08-26 09:12:32.027067,2,97,780.38
PRD003,2024-08-27 09:12:32.027067,1,51,710.85
PRD003,2024-08-28 09:12:32.027067,3,70,688.43
PRD003,2024-08-29 09:12:32.027067,3,46,729.47
PRD003,2024-08-30 09:12:32.027067,5,14,678.84
PRD003,2024-08-31 09:12:32.027067,4,94,735.41
PRD003,2024-09-01 09:12:32.027067,3,27,666.79
PRD003,2024-09-02 09:12:32.027067,0,27,720.45
PRD003,2024-09-03 09:12:32.027067,5,71,744.46
PRD003,2024-09-04 09:12:32.027067,4,96,769.4
PRD003,2024-09-05 09:12:32.027067,2,76,707.58
PRD003,2024-09-06 09:12:32.027067,2,61,682.45
PRD003,2024-09-07 09:12:32.027067,2,40,723.16
PRD003,2024-09-08 09:12:32.027067,5,87,730.78
PRD003,2024-09-09 09:12:32.027067,4,28,729.16
PRD003,2024-09-10 09:12:32.027067,1,32,697.37
PRD003,2024-09-11 09:12:32.027067,2,69,756.66
PRD003,2024-09-12 09:12:32.027067,1,93,706.5
PRD003,2024-09-13 09:12:32.027067,1,90,741.92
PRD003,2024-09-14 09:12:32.027067,2,60,787.83
PRD003,2024-09-15 09:12:32.027067,4,16,785.48
PRD003,2024-09-16 09:12:32.027067,2,38,758.47
PRD003,2024-09-17 09:12:32.027067,4,76,664.56
PRD003,2024-09-18 09:12:32.027067,1,40,778.12
PRD003,2024-09-19 09:12:32.027067,0,52,806.16
PRD003,2024-09-20 09:12:32.027067,3,51,693.21
PRD003,2024-09-21 09:12:32.027067,2,50,796.35
PRD003,2024-09-22 09:12:32.027067,3,29,809.42
PRD003,2024-09-23 09:12:32.027067,4,44,791.99
PRD003,2024-09-24 09:12:32.027067,3,82,686.74
PRD003,2024-09-25 09:12:32.027067,6,54,798.16
PRD003,2024-09-26 09:12:32.027067,4,60,793.41
PRD003,2024-09-27 09:12:32.027067,2,23,772.52
PRD003,2024-09-28 09:12:32.027067,5,49,789.51
PRD003,2024-09-29 09:12:32.027067,3,73,769.02
PRD003,2024-09-30 09:12:32.027067,4,67,803.68
PRD003,2024-10-01 09:12:32.027067,4,26,779.59
PRD003,2024-10-02 09:12:32.027067,1,31,791.98
PRD003,2024-10-03 09:12:32.027067,1,33,768.97
PRD003,2024-10-04 09:12:32.027067,5,84,742.74
PRD003,2024-10-05 09:12:32.027067,7,30,668.12
PRD003,2024-10-06 09:12:32.027067,6,51,745.99
PRD003,2024-10-07 09:12:32.027067,2,93,671.65
PRD003,2024-10-08 09:12:32.027067,1,55,704.77
PRD003,2024-10-09 09:12:32.027067,3,25,760.1
PRD003,2024-10-10 09:12:32.027067,2,64,710.87
PRD003,2024-10-11 09:12:32.027067,3,22,794.15
PRD003,2024-10-12 09:12:32.027067,3,55,805.28
PRD003,2024-10-13 09:12:32.027067,5,67,780.75
PRD003,2024-10-14 09:12:32.027067,3,50,690.36
PRD003,2024-10-15 09:12:32.027067,3,88,694.93
PRD003,2024-10-16 09:12:32.027067,1,54,809.97
PRD003,2024-10-17 09:12:32.027067,1,91,707.31
PRD003,2024-10-18 09:12:32.027067,1,88,681.88
PRD003,2024-10-19 09:12:32.027067,5,36,706.52
PRD003,2024-10-20 09:12:32.027067,1,57,757.25
PRD003,2024-10-21 09:12:32.027067,1,53,693.04
PRD003,2024-10-22 09:12:32.027067,2,69,672.59
PRD003,2024-10-23 09:12:32.027067,5,88,664.04
PRD003,2024-10-24 09:12:32.027067,1,71,776.93
PRD003,2024-10-25 09:12:32.027067,3,45,671.95
PRD003,2024-10-26 09:12:32.027067,4,19,674.2
PRD003,2024-10-27 09:12:32.027067,7,79,691.99
PRD003,2024-10-28 09:12:32.027067,5,25,703.19
PRD003,2024-10-29 09:12:32.027067,5,37,736.07
PRD003,2024-10-30 09:12:32.027067,2,83,681.09
PRD003,2024-10-31 09:12:32.027067,1,62,715.31
PRD003,2024-11-01 09:12:32.027067,2,63,805.12
PRD003,2024-11-02 09:12:32.027067,5,20,798.1
PRD003,2024-11-03 09:12:32.027067,4,42,701.25
PRD003,2024-11-04 09:12:32.027067,2,53,808.44
PRD003,2024-11-05 09:12:32.027067,0,76,764.64
PRD003,2024-11-06 09:12:32.027067,1,94,697.64
PRD003,2024-11-07 09:12:32.027067,4,16,700.78
PRD003,2024-11-08 09:12:32.027067,1,42,768.85
PRD003,2024-11-09 09:12:32.027067,4,57,800.08
PRD003,2024-11-10 09:12:32.027067,5,24,796.99
PRD003,2024-11-11 09:12:32.027067,2,23,805.29
PRD003,2024-11-12 09:12:32.027067,0,41,682.8
PRD003,2024-11-13 09:12:32.027067,4,49,680.84
PRD003,2024-11-14 09:12:32.027067,2,89,773.68
PRD003,2024-11-15 09:12:32.027067,4,31,664.64
PRD003,2024-11-16 09:12:32.027067,3,39,716.6
PRD003,2024-11-17 09:12:32.027067,2,38,725.46
PRD003,2024-11-18 09:12:32.027067,1,90,696.91
PRD003,2024-11-19 09:12:32.027067,1,82,671.51
PRD003,2024-11-20 09:12:32.027067,3,92,804.57
PRD003,2024-11-21 09:12:32.027067,1,25,673.07
PRD003,2024-11-22 09:12:32.027067,4,94,766.08
PRD003,2024-11-23 09:12:32.027067,3,28,736.09
PRD003,2024-11-24 09:12:32.027067,3,18,720.69
PRD003,2024-11-25 09:12:32.027067,5,28,786.56
PRD003,2024-11-26 09:12:32.027067,4,36,699.36
PRD003,2024-11-27 09:12:32.027067,5,86,707.16
PRD003,2024-11-28 09:12:32.027067,6,70,795.63
PRD003,2024-11-29 09:12:32.027067,1,20,688.64
PRD003,2024-11-30 09:12:32.027067,4,16,751.09
PRD003,2024-12-01 09:12:32.027067,2,33,675.18
PRD003,2024-12-02 09:12:32.027067,0,96,750.81
PRD003,2024-12-03 09:12:32.027067,4,34,692.34
PRD003,2024-12-04 09:12:32.027067,1,19,793.86
PRD003,2024-12-05 09:12:32.027067,3,56,770.9
PRD003,2024-12-06 09:12:32.027067,2,77,773.96
PRD003,2024-12-07 09:12:32.027067,5,84,773.23
PRD003,2024-12-08 09:12:32.027067,3,46,797.78
PRD003,2024-12-09 09:12:32.027067,2,34,679.66
PRD003,2024-12-10 09:12:32.027067,0,57,689.8
PRD003,2024-12-11 09:12:32.027067,3,33,700.5
PRD003,2024-12-12 09:12:32.027067,2,98,771.31
PRD003,2024-12-13 09:12:32.027067,1,35,670.12
PRD003,2024-12-14 09:12:32.027067,2,68,734.83
PRD003,2024-12-15 09:12:32.027067,2,51,731.05
PRD003,2024-12-16 09:12:32.027067,4,94,764.96
PRD003,2024-12-17 09:12:32.027067,1,60,728.97
PRD003,2024-12-18 09:12:32.027067,1,20,692.52
PRD003,2024-12-19 09:12:32.027067,1,90,708.56
PRD003,2024-12-20 09:12:32.027067,0,37,799.97
PRD003,2024-12-21 09:12:32.027067,3,92,712.37
PRD003,2024-12-22 09:12:32.027067,2,21,666.46
PRD003,2024-12-23 09:12:32.027067,4,64,706.77
PRD003,2024-12-24 09:12:32.027067,4,22,713.92
PRD003,2024-12-25 09:12:32.027067,4,21,775.34
PRD003,2024-12-26 09:12:32.027067,3,28,777.28
PRD003,2024-12-27 09:12:32.027067,4,27,715.21
PRD003,2024-12-28 09:12:32.027067,3,55,739.88
PRD003,2024-12-29 09:12:32.027067,5,58,795.84
PRD003,2024-12-30 09:12:32.027067,5,27,810.71
PRD003,2024-12-31 09:12:32.027067,2,91,799.07
PRD003,2025-01-01 09:12:32.027067,3,43,704.72
PRD003,2025-01-02 09:12:32.027067,3,43,715.14
PRD003,2025-01-03 09:12:32.027067,4,87,697.28
PRD003,2025-01-04 09:12:32.027067,4,22,743.25
PRD003,2025-01-05 09:12:32.027067,4,35,763.63
PRD003,2025-01-06 09:12:32.027067,1,87,748.09
PRD003,2025-01-07 09:12:32.027067,3,33,776.44
PRD003,2025-01-08 09:12:32.027067,3,19,786.17
PRD003,2025-01-09 09:12:32.027067,2,24,683.48
PRD003,2025-01-10 09:12:32.027067,3,22,799.55
PRD003,2025-01-11 09:12:32.027067,3,61,769.09
PRD003,2025-01-12 09:12:32.027067,3,80,706.06
PRD003,2025-01-13 09:12:32.027067,4,73,682.08
PRD003,2025-01-14 09:12:32.027067,4,48,801.63
PRD003,2025-01-15 09:12:32.027067,1,61,765.69
PRD003,2025-01-16 09:12:32.027067,3,41,691.5
PRD003,2025-01-17 09:12:32.027067,0,38,701.79
PRD003,2025-01-18 09:12:32.027067,5,56,720.82
PRD003,2025-01-19 09:12:32.027067,4,66,773.67
PRD003,2025-01-20 09:12:32.027067,3,88,706.68
PRD003,2025-01-21 09:12:32.027067,2,74,683.13
PRD003,2025-01-22 09:12:32.027067,2,94,757.22
PRD003,2025-01-23 09:12:32.027067,0,43,798.53
PRD003,2025-01-24 09:12:32.027067,5,51,772.79
PRD003,2025-01-25 09:12:32.027067,3,96,781.56
PRD003,2025-01-26 09:12:32.027067,6,54,686.38
PRD003,2025-01-27 09:12:32.027067,2,70,724.57
PRD003,2025-01-28 09:12:32.027067,4,82,665.53
PRD003,2025-01-29 09:12:32.027067,2,33,775.74
PRD003,2025-01-30 09:12:32.027067,2,82,784.74
PRD003,2025-01-31 09:12:32.027067,3,31,720.54
PRD003,2025-02-01 09:12:32.027067,4,75,716.51
PRD003,2025-02-02 09:12:32.027067,3,59,777.9
PRD003,2025-02-03 09:12:32.027067,3,27,688.82
PRD003,2025-02-04 09:12:32.027067,2,49,683.36
PRD003,2025-02-05 09:12:32.027067,5,60,719.2
PRD003,2025-02-06 09:12:32.027067,1,85,687.33
PRD003,2025-02-07 09:12:32.027067,2,94,727.61
PRD003,2025-02-08 09:12:32.027067,3,54,787.42
PRD003,2025-02-09 09:12:32.027067,6,57,769.81
PRD003,2025-02-10 09:12:32.027067,4,68,751.27
PRD003,2025-02-11 09:12:32.027067,1,77,675.54
PRD003,2025-02-12 09:12:32.027067,1,22,787.27
PRD003,2025-02-13 09:12:32.027067,3,38,783.98
PRD003,2025-02-14 09:12:32.027067,0,49,703.31
PRD003,2025-02-15 09:12:32.027067,6,41,722.45
PRD003,2025-02-16 09:12:32.027067,4,59,693.21
PRD003,2025-02-17 09:12:32.027067,3,93,713.72
PRD003,2025-02-18 09:12:32.027067,4,84,790.51
PRD003,2025-02-19 09:12:32.027067,5,49,777.68
PRD003,2025-02-20 09:12:32.027067,0,24,711.01
PRD003,2025-02-21 09:12:32.027067,2,22,703.59
PRD003,2025-02-22 09:12:32.027067,4,18,785.87
PRD003,2025-02-23 09:12:32.027067,6,75,674.29
PRD003,2025-02-24 09:12:32.027067,4,41,799.4
PRD003,2025-02-25 09:12:32.027067,4,96,681.35
PRD003,2025-02-26 09:12:32.027067,5,18,679.34
PRD003,2025-02-27 09:12:32.027067,4,41,724.87
PRD003,2025-02-28 09:12:32.027067,4,51,724.59
PRD003,2025-03-01 09:12:32.027067,6,42,799.75
PRD003,2025-03-02 09:12:32.027067,5,33,730.31
PRD003,2025-03-03 09:12:32.027067,1,64,774.6
PRD003,2025-03-04 09:12:32.027067,4,29,746.52
PRD003,2025-03-05 09:12:32.027067,4,27,726.96
PRD003,2025-03-06 09:12:32.027067,3,93,805.12
PRD003,2025-03-07 09:12:32.027067,1,65,727.13
PRD003,2025-03-08 09:12:32.027067,5,69,705.5
PRD003,2025-03-09 09:12:32.027067,4,33,758.79
PRD003,2025-03-10 09:12:32.027067,4,68,668.99
PRD003,2025-03-11 09:12:32.027067,5,15,674.21
PRD003,2025-03-12 09:12:32.027067,2,34,747.72
PRD003,2025-03-13 09:12:32.027067,0,64,772.44
PRD003,2025-03-14 09:12:32.027067,4,69,744.69
PRD003,2025-03-15 09:12:32.027067,5,75,796.63
PRD003,2025-03-16 09:12:32.027067,4,24,720.82
PRD003,2025-03-17 09:12:32.027067,5,86,716.97
PRD003,2025-03-18 09:12:32.027067,2,29,739.72
PRD003,2025-03-19 09:12:32.027067,4,85,770.36
PRD003,2025-03-20 09:12:32.027067,5,69,757.11
PRD003,2025-03-21 09:12:32.027067,4,65,765.95
PRD003,2025-03-22 09:12:32.027067,5,75,761.75
PRD003,2025-03-23 09:12:32.027067,4,85,809.82
PRD003,2025-03-24 09:12:32.027067,0,27,689.54
PRD003,2025-03-25 09:12:32.027067,4,36,706.26
PRD003,2025-03-26 09:12:32.027067,5,75,683.72
PRD003,2025-03-27 09:12:32.027067,5,56,696.19
PRD003,2025-03-28 09:12:32.027067,3,15,783.67
PRD003,2025-03-29 09:12:32.027067,6,42,673.17
PRD003,2025-03-30 09:12:32.027067,5,51,714.49
PRD003,2025-03-31 09:12:32.027067,4,25,734.4
PRD003,2025-04-01 09:12:32.027067,4,58,740.0
PRD003,2025-04-02 09:12:32.027067,2,61,728.2
PRD003,2025-04-03 09:12:32.027067,2,82,747.29
PRD003,2025-04-04 09:12:32.027067,2,86,745.13
PRD003,2025-04-05 09:12:32.027067,3,26,707.27
PRD003,2025-04-06 09:12:32.027067,5,94,745.23
PRD003,2025-04-07 09:12:32.027067,0,97,783.16
PRD003,2025-04-08 09:12:32.027067,0,64,730.94
PRD003,2025-04-09 09:12:32.027067,2,36,706.24
PRD003,2025-04-10 09:12:32.027067,3,21,746.53
PRD003,2025-04-11 09:12:32.027067,2,31,700.07
PRD003,2025-04-12 09:12:32.027067,5,68,714.2
PRD003,2025-04-13 09:12:32.027067,2,91,672.79
PRD003,2025-04-14 09:12:32.027067,1,21,673.51
PRD003,2025-04-15 09:12:32.027067,3,44,746.43
PRD003,2025-04-16 09:12:32.027067,1,46,767.49
PRD003,2025-04-17 09:12:32.027067,2,44,685.98
PRD003,2025-04-18 09:12:32.027067,2,25,741.67
PRD003,2025-04-19 09:12:32.027067,1,62,743.32
PRD003,2025-04-20 09:12:32.027067,2,45,718.99
PRD003,2025-04-21 09:12:32.027067,2,61,806.23
PRD003,2025-04-22 09:12:32.027067,4,19,670.17
PRD003,2025-04-23 09:12:32.027067,4,22,746.74
PRD003,2025-04-24 09:12:32.027067,4,28,724.18
PRD003,2025-04-25 09:12:32.027067,4,20,740.05
PRD003,2025-04-26 09:12:32.027067,4,73,763.62
PRD003,2025-04-27 09:12:32.027067,4,24,667.04
PRD003,2025-04-28 09:12:32.027067,6,79,750.05
PRD003,2025-04-29 09:12:32.027067,6,24,709.08
PRD003,2025-04-30 09:12:32.027067,3,25,711.43
PRD003,2025-05-01 09:12:32.027067,3,67,756.33
PRD003,2025-05-02 09:12:32.027067,4,43,675.9
PRD003,2025-05-03 09:12:32.027067,4,29,769.54
PRD003,2025-05-04 09:12:32.027067,5,81,765.19
PRD003,2025-05-05 09:12:32.027067,2,87,665.5
PRD003,2025-05-06 09:12:32.027067,3,36,755.49
PRD003,2025-05-07 09:12:32.027067,2,86,719.2
PRD003,2025-05-08 09:12:32.027067,2,84,700.87
PRD003,2025-05-09 09:12:32.027067,4,85,664.42
PRD003,2025-05-10 09:12:32.027067,4,59,717.36
PRD003,2025-05-11 09:12:32.027067,3,58,709.53
PRD003,2025-05-12 09:12:32.027067,0,59,749.57
PRD003,2025-05-13 09:12:32.027067,1,24,735.13
PRD003,2025-05-14 09:12:32.027067,1,59,773.84
PRD003,2025-05-15 09:12:32.027067,5,39,666.35
PRD003,2025-05-16 09:12:32.027067,1,93,793.49
PRD003,2025-05-17 09:12:32.027067,2,48,756.06
PRD003,2025-05-18 09:12:32.027067,2,42,699.21
PRD003,2025-05-19 09:12:32.027067,2,97,788.13
PRD003,2025-05-20 09:12:32.027067,4,23,707.88
PRD003,2025-05-21 09:12:32.027067,2,47,717.83
PRD003,2025-05-22 09:12:32.027067,2,51,702.2
PRD004,2024-05-22 09:12:32.027067,3,21,914.61
PRD004,2024-05-23 09:12:32.027067,5,72,951.6
PRD004,2024-05-24 09:12:32.027067,2,52,938.51
PRD004,2024-05-25 09:12:32.027067,8,29,810.91
PRD004,2024-05-26 09:12:32.027067,8,92,940.98
PRD004,2024-05-27 09:12:32.027067,5,42,810.63
PRD004,2024-05-28 09:12:32.027067,6,24,971.04
PRD004,2024-05-29 09:12:32.027067,5,22,823.65
PRD004,2024-05-30 09:12:32.027067,5,93,909.06
PRD004,2024-05-31 09:12:32.027067,5,56,903.72
PRD004,2024-06-01 09:12:32.027067,5,28,903.3
PRD004,2024-06-02 09:12:32.027067,7,33,815.15
PRD004,2024-06-03 09:12:32.027067,1,79,874.54
PRD004,2024-06-04 09:12:32.027067,4,40,855.91
PRD004,2024-06-05 09:12:32.027067,2,82,870.85
PRD004,2024-06-06 09:12:32.027067,3,21,850.94
PRD004,2024-06-07 09:12:32.027067,5,46,943.9
PRD004,2024-06-08 09:12:32.027067,2,70,937.7
PRD004,2024-06-09 09:12:32.027067,4,71,888.65
PRD004,2024-06-10 09:12:32.027067,4,23,870.13
PRD004,2024-06-11 09:12:32.027067,2,26,906.76
PRD004,2024-06-12 09:12:32.027067,4,40,970.91
PRD004,2024-06-13 09:12:32.027067,3,86,885.38
PRD004,2024-06-14 09:12:32.027067,2,25,871.99
PRD004,2024-06-15 09:12:32.027067,4,25,896.61
PRD004,2024-06-16 09:12:32.027067,3,31,835.1
PRD004,2024-06-17 09:12:32.027067,2,47,944.17
PRD004,2024-06-18 09:12:32.027067,4,91,846.75
PRD004,2024-06-19 09:12:32.027067,5,33,840.97
PRD004,2024-06-20 09:12:32.027067,3,24,855.0
PRD004,2024-06-21 09:12:32.027067,1,18,913.7
PRD004,2024-06-22 09:12:32.027067,8,65,851.59
PRD004,2024-06-23 09:12:32.027067,4,26,864.86
PRD004,2024-06-24 09:12:32.027067,4,80,834.68
PRD004,2024-06-25 09:12:32.027067,4,32,816.26
PRD004,2024-06-26 09:12:32.027067,3,26,832.25
PRD004,2024-06-27 09:12:32.027067,3,57,813.58
PRD004,2024-06-28 09:12:32.027067,4,75,886.05
PRD004,2024-06-29 09:12:32.027067,7,83,858.1
PRD004,2024-06-30 09:12:32.027067,10,82,955.53
PRD004,2024-07-01 09:12:32.027067,5,45,809.73
PRD004,2024-07-02 09:12:32.027067,5,29,960.5
PRD004,2024-07-03 09:12:32.027067,5,66,932.29
PRD004,2024-07-04 09:12:32.027067,5,27,845.62
PRD004,2024-07-05 09:12:32.027067,2,39,902.99
PRD004,2024-07-06 09:12:32.027067,5,42,930.72
PRD004,2024-07-07 09:12:32.027067,3,78,834.36
PRD004,2024-07-08 09:12:32.027067,4,25,858.91
PRD004,2024-07-09 09:12:32.027067,2,56,808.48
PRD004,2024-07-10 09:12:32.027067,6,65,934.06
PRD004,2024-07-11 09:12:32.027067,1,72,844.25
PRD004,2024-07-12 09:12:32.027067,6,94,969.34
PRD004,2024-07-13 09:12:32.027067,5,27,846.2
PRD004,2024-07-14 09:12:32.027067,2,24,877.69
PRD004,2024-07-15 09:12:32.027067,4,76,852.53
PRD004,2024-07-16 09:12:32.027067,5,67,867.19
PRD004,2024-07-17 09:12:32.027067,3,37,895.74
PRD004,2024-07-18 09:12:32.027067,4,66,913.65
PRD004,2024-07-19 09:12:32.027067,6,66,972.79
PRD004,2024-07-20 09:12:32.027067,4,75,886.89
PRD004,2024-07-21 09:12:32.027067,6,34,850.58
PRD004,2024-07-22 09:12:32.027067,6,90,949.62
PRD004,2024-07-23 09:12:32.027067,6,67,898.82
PRD004,2024-07-24 09:12:32.027067,1,52,953.83
PRD004,2024-07-25 09:12:32.027067,5,76,868.27
PRD004,2024-07-26 09:12:32.027067,3,32,834.4
PRD004,2024-07-27 09:12:32.027067,9,90,831.96
PRD004,2024-07-28 09:12:32.027067,9,79,803.43
PRD004,2024-07-29 09:12:32.027067,5,92,965.01
PRD004,2024-07-30 09:12:32.027067,4,80,921.75
PRD004,2024-07-31 09:12:32.027067,5,57,871.25
PRD004,2024-08-01 09:12:32.027067,5,95,937.91
PRD004,2024-08-02 09:12:32.027067,5,42,864.25
PRD004,2024-08-03 09:12:32.027067,5,61,942.01
PRD004,2024-08-04 09:12:32.027067,5,25,920.78
PRD004,2024-08-05 09:12:32.027067,1,80,966.51
PRD004,2024-08-06 09:12:32.027067,6,21,810.66
PRD004,2024-08-07 09:12:32.027067,5,26,928.05
PRD004,2024-08-08 09:12:32.027067,1,66,923.68
PRD004,2024-08-09 09:12:32.027067,2,58,838.17
PRD004,2024-08-10 09:12:32.027067,3,97,801.71
PRD004,2024-08-11 09:12:32.027067,9,83,820.97
PRD004,2024-08-12 09:12:32.027067,2,25,938.79
PRD004,2024-08-13 09:12:32.027067,5,29,951.48
PRD004,2024-08-14 09:12:32.027067,5,76,865.86
PRD004,2024-08-15 09:12:32.027067,2,26,970.04
PRD004,2024-08-16 09:12:32.027067,3,94,800.67
PRD004,2024-08-17 09:12:32.027067,8,23,860.28
PRD004,2024-08-18 09:12:32.027067,8,45,881.43
PRD004,2024-08-19 09:12:32.027067,3,19,965.48
PRD004,2024-08-20 09:12:32.027067,5,26,871.83
PRD004,2024-08-21 09:12:32.027067,3,75,939.54
PRD004,2024-08-22 09:12:32.027067,2,25,957.25
PRD004,2024-08-23 09:12:32.027067,4,38,961.65
PRD004,2024-08-24 09:12:32.027067,5,18,866.12
PRD004,2024-08-25 09:12:32.027067,10,84,821.91
PRD004,2024-08-26 09:12:32.027067,5,47,949.82
PRD004,2024-08-27 09:12:32.027067,3,72,804.06
PRD004,2024-08-28 09:12:32.027067,3,55,850.37
PRD004,2024-08-29 09:12:32.027067,7,67,927.64
PRD004,2024-08-30 09:12:32.027067,6,63,944.07
PRD004,2024-08-31 09:12:32.027067,9,91,936.94
PRD004,2024-09-01 09:12:32.027067,4,68,945.22
PRD004,2024-09-02 09:12:32.027067,2,33,942.38
PRD004,2024-09-03 09:12:32.027067,6,20,833.18
PRD004,2024-09-04 09:12:32.027067,3,22,955.8
PRD004,2024-09-05 09:12:32.027067,1,44,940.12
PRD004,2024-09-06 09:12:32.027067,3,92,821.23
PRD004,2024-09-07 09:12:32.027067,7,24,805.8
PRD004,2024-09-08 09:12:32.027067,5,80,880.13
PRD004,2024-09-09 09:12:32.027067,2,70,963.27
PRD004,2024-09-10 09:12:32.027067,2,27,948.41
PRD004,2024-09-11 09:12:32.027067,6,49,926.92
PRD004,2024-09-12 09:12:32.027067,5,61,819.24
PRD004,2024-09-13 09:12:32.027067,4,88,825.48
PRD004,2024-09-14 09:12:32.027067,5,51,822.83
PRD004,2024-09-15 09:12:32.027067,6,49,858.62
PRD004,2024-09-16 09:12:32.027067,1,31,830.56
PRD004,2024-09-17 09:12:32.027067,2,68,892.82
PRD004,2024-09-18 09:12:32.027067,6,92,815.18
PRD004,2024-09-19 09:12:32.027067,6,64,948.44
PRD004,2024-09-20 09:12:32.027067,5,47,871.08
PRD004,2024-09-21 09:12:32.027067,8,44,926.02
PRD004,2024-09-22 09:12:32.027067,8,22,865.7
PRD004,2024-09-23 09:12:32.027067,6,80,949.05
PRD004,2024-09-24 09:12:32.027067,6,72,943.63
PRD004,2024-09-25 09:12:32.027067,5,73,874.98
PRD004,2024-09-26 09:12:32.027067,6,18,852.44
PRD004,2024-09-27 09:12:32.027067,4,87,929.4
PRD004,2024-09-28 09:12:32.027067,6,61,816.98
PRD004,2024-09-29 09:12:32.027067,8,23,947.8
PRD004,2024-09-30 09:12:32.027067,4,58,937.51
PRD004,2024-10-01 09:12:32.027067,2,28,948.21
PRD004,2024-10-02 09:12:32.027067,3,22,856.49
PRD004,2024-10-03 09:12:32.027067,2,32,922.33
PRD004,2024-10-04 09:12:32.027067,3,22,842.32
PRD004,2024-10-05 09:12:32.027067,6,84,899.62
PRD004,2024-10-06 09:12:32.027067,4,12,928.01
PRD004,2024-10-07 09:12:32.027067,5,58,918.8
PRD004,2024-10-08 09:12:32.027067,4,45,903.31
PRD004,2024-10-09 09:12:32.027067,5,80,905.77
PRD004,2024-10-10 09:12:32.027067,1,79,802.6
PRD004,2024-10-11 09:12:32.027067,3,34,973.66
PRD004,2024-10-12 09:12:32.027067,6,22,954.3
PRD004,2024-10-13 09:12:32.027067,7,55,929.7
PRD004,2024-10-14 09:12:32.027067,6,24,904.11
PRD004,2024-10-15 09:12:32.027067,2,40,854.29
PRD004,2024-10-16 09:12:32.027067,3,24,841.1
PRD004,2024-10-17 09:12:32.027067,3,88,866.74
PRD004,2024-10-18 09:12:32.027067,3,86,949.99
PRD004,2024-10-19 09:12:32.027067,6,19,822.03
PRD004,2024-10-20 09:12:32.027067,6,50,926.81
PRD004,2024-10-21 09:12:32.027067,2,20,934.04
PRD004,2024-10-22 09:12:32.027067,6,54,831.57
PRD004,2024-10-23 09:12:32.027067,1,35,864.03
PRD004,2024-10-24 09:12:32.027067,5,36,896.8
PRD004,2024-10-25 09:12:32.027067,7,90,826.03
PRD004,2024-10-26 09:12:32.027067,10,40,945.34
PRD004,2024-10-27 09:12:32.027067,9,9,943.52
PRD004,2024-10-28 09:12:32.027067,4,75,885.3
PRD004,2024-10-29 09:12:32.027067,6,63,804.71
PRD004,2024-10-30 09:12:32.027067,4,41,878.78
PRD004,2024-10-31 09:12:32.027067,3,69,823.95
PRD004,2024-11-01 09:12:32.027067,6,37,867.76
PRD004,2024-11-02 09:12:32.027067,9,91,952.97
PRD004,2024-11-03 09:12:32.027067,4,80,829.92
PRD004,2024-11-04 09:12:32.027067,2,79,834.47
PRD004,2024-11-05 09:12:32.027067,4,66,915.94
PRD004,2024-11-06 09:12:32.027067,3,76,948.62
PRD004,2024-11-07 09:12:32.027067,3,46,822.22
PRD004,2024-11-08 09:12:32.027067,6,59,820.93
PRD004,2024-11-09 09:12:32.027067,5,95,975.01
PRD004,2024-11-10 09:12:32.027067,4,31,809.76
PRD004,2024-11-11 09:12:32.027067,4,15,920.13
PRD004,2024-11-12 09:12:32.027067,1,71,906.4
PRD004,2024-11-13 09:12:32.027067,2,70,821.21
PRD004,2024-11-14 09:12:32.027067,2,60,892.49
PRD004,2024-11-15 09:12:32.027067,6,24,942.02
PRD004,2024-11-16 09:12:32.027067,4,28,833.6
PRD004,2024-11-17 09:12:32.027067,4,43,894.83
PRD004,2024-11-18 09:12:32.027067,4,61,933.79
PRD004,2024-11-19 09:12:32.027067,5,58,830.19
PRD004,2024-11-20 09:12:32.027067,2,82,812.27
PRD004,2024-11-21 09:12:32.027067,2,43,859.36
PRD004,2024-11-22 09:12:32.027067,3,65,885.91
PRD004,2024-11-23 09:12:32.027067,4,59,935.98
PRD004,2024-11-24 09:12:32.027067,2,82,903.42
PRD004,2024-11-25 09:12:32.027067,3,40,838.09
PRD004,2024-11-26 09:12:32.027067,7,83,872.69
PRD004,2024-11-27 09:12:32.027067,3,90,840.17
PRD004,2024-11-28 09:12:32.027067,7,46,889.36
PRD004,2024-11-29 09:12:32.027067,5,39,816.16
PRD004,2024-11-30 09:12:32.027067,9,21,845.73
PRD004,2024-12-01 09:12:32.027067,6,31,914.68
PRD004,2024-12-02 09:12:32.027067,5,14,877.23
PRD004,2024-12-03 09:12:32.027067,5,25,934.62
PRD004,2024-12-04 09:12:32.027067,5,49,830.29
PRD004,2024-12-05 09:12:32.027067,6,49,868.74
PRD004,2024-12-06 09:12:32.027067,4,56,910.84
PRD004,2024-12-07 09:12:32.027067,6,72,953.33
PRD004,2024-12-08 09:12:32.027067,5,86,955.71
PRD004,2024-12-09 09:12:32.027067,1,89,808.82
PRD004,2024-12-10 09:12:32.027067,6,20,843.8
PRD004,2024-12-11 09:12:32.027067,2,69,814.66
PRD004,2024-12-12 09:12:32.027067,2,18,854.14
PRD004,2024-12-13 09:12:32.027067,4,46,927.92
PRD004,2024-12-14 09:12:32.027067,4,36,967.21
PRD004,2024-12-15 09:12:32.027067,7,52,934.89
PRD004,2024-12-16 09:12:32.027067,3,57,814.81
PRD004,2024-12-17 09:12:32.027067,5,56,938.7
PRD004,2024-12-18 09:12:32.027067,3,95,878.75
PRD004,2024-12-19 09:12:32.027067,4,48,925.99
PRD004,2024-12-20 09:12:32.027067,4,72,912.04
PRD004,2024-12-21 09:12:32.027067,5,32,911.68
PRD004,2024-12-22 09:12:32.027067,5,87,831.36
PRD004,2024-12-23 09:12:32.027067,4,36,960.24
PRD004,2024-12-24 09:12:32.027067,1,36,848.57
PRD004,2024-12-25 09:12:32.027067,3,41,949.5
PRD004,2024-12-26 09:12:32.027067,8,41,965.28
PRD004,2024-12-27 09:12:32.027067,6,48,906.37
PRD004,2024-12-28 09:12:32.027067,8,75,899.01
PRD004,2024-12-29 09:12:32.027067,6,37,804.84
PRD004,2024-12-30 09:12:32.027067,6,72,902.42
PRD004,2024-12-31 09:12:32.027067,7,74,946.49
PRD004,2025-01-01 09:12:32.027067,4,68,955.69
PRD004,2025-01-02 09:12:32.027067,6,50,912.8
PRD004,2025-01-03 09:12:32.027067,6,51,926.48
PRD004,2025-01-04 09:12:32.027067,3,30,934.56
PRD004,2025-01-05 09:12:32.027067,4,41,802.66
PRD004,2025-01-06 09:12:32.027067,2,78,819.11
PRD004,2025-01-07 09:12:32.027067,4,56,977.2
PRD004,2025-01-08 09:12:32.027067,5,31,968.67
PRD004,2025-01-09 09:12:32.027067,2,44,971.9
PRD004,2025-01-10 09:12:32.027067,3,52,942.62
PRD004,2025-01-11 09:12:32.027067,7,22,972.24
PRD004,2025-01-12 09:12:32.027067,4,34,954.94
PRD004,2025-01-13 09:12:32.027067,3,24,951.09
PRD004,2025-01-14 09:12:32.027067,4,24,913.99
PRD004,2025-01-15 09:12:32.027067,5,32,861.54
PRD004,2025-01-16 09:12:32.027067,6,31,976.32
PRD004,2025-01-17 09:12:32.027067,4,23,892.92
PRD004,2025-01-18 09:12:32.027067,8,24,810.03
PRD004,2025-01-19 09:12:32.027067,6,61,918.08
PRD004,2025-01-20 09:12:32.027067,2,46,918.97
PRD004,2025-01-21 09:12:32.027067,3,71,936.08
PRD004,2025-01-22 09:12:32.027067,6,69,818.35
PRD004,2025-01-23 09:12:32.027067,4,96,827.32
PRD004,2025-01-24 09:12:32.027067,1,98,812.45
PRD004,2025-01-25 09:12:32.027067,7,74,805.84
PRD004,2025-01-26 09:12:32.027067,7,52,905.55
PRD004,2025-01-27 09:12:32.027067,6,72,950.75
PRD004,2025-01-28 09:12:32.027067,6,40,947.07
PRD004,2025-01-29 09:12:32.027067,5,21,955.24
PRD004,2025-01-30 09:12:32.027067,4,22,902.99
PRD004,2025-01-31 09:12:32.027067,7,20,867.03
PRD004,2025-02-01 09:12:32.027067,6,72,842.68
PRD004,2025-02-02 09:12:32.027067,7,76,807.5
PRD004,2025-02-03 09:12:32.027067,5,48,844.03
PRD004,2025-02-04 09:12:32.027067,2,26,820.14
PRD004,2025-02-05 09:12:32.027067,3,74,942.31
PRD004,2025-02-06 09:12:32.027067,3,49,917.65
PRD004,2025-02-07 09:12:32.027067,1,43,912.64
PRD004,2025-02-08 09:12:32.027067,4,55,902.56
PRD004,2025-02-09 09:12:32.027067,5,60,949.75
PRD004,2025-02-10 09:12:32.027067,4,17,812.69
PRD004,2025-02-11 09:12:32.027067,1,27,975.62
PRD004,2025-02-12 09:12:32.027067,5,27,904.26
PRD004,2025-02-13 09:12:32.027067,5,70,872.28
PRD004,2025-02-14 09:12:32.027067,3,93,943.35
PRD004,2025-02-15 09:12:32.027067,6,30,816.78
PRD004,2025-02-16 09:12:32.027067,4,68,852.54
PRD004,2025-02-17 09:12:32.027067,2,54,863.61
PRD004,2025-02-18 09:12:32.027067,2,59,956.59
PRD004,2025-02-19 09:12:32.027067,4,23,812.93
PRD004,2025-02-20 09:12:32.027067,5,69,942.91
PRD004,2025-02-21 09:12:32.027067,3,77,832.03
PRD004,2025-02-22 09:12:32.027067,7,34,934.26
PRD004,2025-02-23 09:12:32.027067,7,21,908.58
PRD004,2025-02-24 09:12:32.027067,5,87,857.66
PRD004,2025-02-25 09:12:32.027067,6,93,843.12
PRD004,2025-02-26 09:12:32.027067,4,60,878.41
PRD004,2025-02-27 09:12:32.027067,7,46,955.94
PRD004,2025-02-28 09:12:32.027067,5,51,876.93
PRD004,2025-03-01 09:12:32.027067,3,33,954.24
PRD004,2025-03-02 09:12:32.027067,5,89,859.07
PRD004,2025-03-03 09:12:32.027067,5,72,868.18
PRD004,2025-03-04 09:12:32.027067,2,50,953.48
PRD004,2025-03-05 09:12:32.027067,4,90,903.89
PRD004,2025-03-06 09:12:32.027067,5,88,814.37
PRD004,2025-03-07 09:12:32.027067,4,26,817.14
PRD004,2025-03-08 09:12:32.027067,8,66,953.32
PRD004,2025-03-09 09:12:32.027067,4,19,918.57
PRD004,2025-03-10 09:12:32.027067,4,72,944.9
PRD004,2025-03-11 09:12:32.027067,5,89,921.66
PRD004,2025-03-12 09:12:32.027067,2,88,799.99
PRD004,2025-03-13 09:12:32.027067,6,20,813.29
PRD004,2025-03-14 09:12:32.027067,6,19,935.7
PRD004,2025-03-15 09:12:32.027067,6,91,875.0
PRD004,2025-03-16 09:12:32.027067,7,42,911.72
PRD004,2025-03-17 09:12:32.027067,6,81,800.69
PRD004,2025-03-18 09:12:32.027067,5,49,908.88
PRD004,2025-03-19 09:12:32.027067,5,27,915.34
PRD004,2025-03-20 09:12:32.027067,5,63,928.79
PRD004,2025-03-21 09:12:32.027067,3,88,939.33
PRD004,2025-03-22 09:12:32.027067,6,87,915.98
PRD004,2025-03-23 09:12:32.027067,4,19,806.0
PRD004,2025-03-24 09:12:32.027067,5,56,890.75
PRD004,2025-03-25 09:12:32.027067,5,27,854.16
PRD004,2025-03-26 09:12:32.027067,5,78,939.68
PRD004,2025-03-27 09:12:32.027067,4,88,963.06
PRD004,2025-03-28 09:12:32.027067,4,88,826.4
PRD004,2025-03-29 09:12:32.027067,8,37,834.43
PRD004,2025-03-30 09:12:32.027067,6,35,801.77
PRD004,2025-03-31 09:12:32.027067,5,94,871.4
PRD004,2025-04-01 09:12:32.027067,6,84,976.26
PRD004,2025-04-02 09:12:32.027067,5,34,856.06
PRD004,2025-04-03 09:12:32.027067,1,68,939.58
PRD004,2025-04-04 09:12:32.027067,5,89,838.76
PRD004,2025-04-05 09:12:32.027067,6,24,843.7
PRD004,2025-04-06 09:12:32.027067,5,68,943.01
PRD004,2025-04-07 09:12:32.027067,5,50,951.67
PRD004,2025-04-08 09:12:32.027067,2,32,891.75
PRD004,2025-04-09 09:12:32.027067,3,24,842.12
PRD004,2025-04-10 09:12:32.027067,1,17,954.55
PRD004,2025-04-11 09:12:32.027067,2,79,819.2
PRD004,2025-04-12 09:12:32.027067,7,14,976.62
PRD004,2025-04-13 09:12:32.027067,6,14,839.95
PRD004,2025-04-14 09:12:32.027067,5,52,880.75
PRD004,2025-04-15 09:12:32.027067,1,48,923.53
PRD004,2025-04-16 09:12:32.027067,3,97,886.92
PRD004,2025-04-17 09:12:32.027067,3,89,963.54
PRD004,2025-04-18 09:12:32.027067,5,35,927.42
PRD004,2025-04-19 09:12:32.027067,4,28,906.28
PRD004,2025-04-20 09:12:32.027067,7,85,924.76
PRD004,2025-04-21 09:12:32.027067,3,89,965.68
PRD004,2025-04-22 09:12:32.027067,2,91,965.18
PRD004,2025-04-23 09:12:32.027067,4,12,969.81
PRD004,2025-04-24 09:12:32.027067,5,80,936.48
PRD004,2025-04-25 09:12:32.027067,4,28,899.87
PRD004,2025-04-26 09:12:32.027067,6,53,926.43
PRD004,2025-04-27 09:12:32.027067,6,36,821.22
PRD004,2025-04-28 09:12:32.027067,7,66,906.99
PRD004,2025-04-29 09:12:32.027067,5,45,961.51
PRD004,2025-04-30 09:12:32.027067,4,49,813.02
PRD004,2025-05-01 09:12:32.027067,2,49,881.16
PRD004,2025-05-02 09:12:32.027067,1,61,858.19
PRD004,2025-05-03 09:12:32.027067,5,70,866.97
PRD004,2025-05-04 09:12:32.027067,4,88,886.67
PRD004,2025-05-05 09:12:32.027067,3,85,952.23
PRD004,2025-05-06 09:12:32.027067,1,23,841.4
PRD004,2025-05-07 09:12:32.027067,6,53,959.85
PRD004,2025-05-08 09:12:32.027067,2,53,861.03
PRD004,2025-05-09 09:12:32.027067,2,31,839.03
PRD004,2025-05-10 09:12:32.027067,3,57,824.74
PRD004,2025-05-11 09:12:32.027067,4,16,950.42
PRD004,2025-05-12 09:12:32.027067,3,84,944.76
PRD004,2025-05-13 09:12:32.027067,5,44,933.18
PRD004,2025-05-14 09:12:32.027067,5,54,825.49
PRD004,2025-05-15 09:12:32.027067,4,59,938.08
PRD004,2025-05-16 09:12:32.027067,1,21,826.34
PRD004,2025-05-17 09:12:32.027067,6,92,847.13
PRD004,2025-05-18 09:12:32.027067,5,26,973.63
PRD004,2025-05-19 09:12:32.027067,4,34,852.04
PRD004,2025-05-20 09:12:32.027067,5,83,949.78
PRD004,2025-05-21 09:12:32.027067,5,90,955.67
PRD004,2025-05-22 09:12:32.027067,5,51,945.35
PRD005,2024-05-22 09:12:32.027067,11,11,64.66
PRD005,2024-05-23 09:12:32.027067,10,30,70.73
PRD005,2024-05-24 09:12:32.027067,8,36,73.58
PRD005,2024-05-25 09:12:32.027067,19,16,62.15
PRD005,2024-05-26 09:12:32.027067,20,50,63.95
PRD005,2024-05-27 09:12:32.027067,11,49,72.35
PRD005,2024-05-28 09:12:32.027067,13,34,74.67
PRD005,2024-05-29 09:12:32.027067,9,84,71.71
PRD005,2024-05-30 09:12:32.027067,14,45,73.86
PRD005,2024-05-31 09:12:32.027067,15,9,67.62
PRD005,2024-06-01 09:12:32.027067,13,68,72.74
PRD005,2024-06-02 09:12:32.027067,14,7,67.34
PRD005,2024-06-03 09:12:32.027067,6,73,71.41
PRD005,2024-06-04 09:12:32.027067,10,57,71.18
PRD005,2024-06-05 09:12:32.027067,10,87,73.9
PRD005,2024-06-06 09:12:32.027067,10,41,71.62
PRD005,2024-06-07 09:12:32.027067,12,47,67.25
PRD005,2024-06-08 09:12:32.027067,16,56,61.15
PRD005,2024-06-09 09:12:32.027067,11,24,65.26
PRD005,2024-06-10 09:12:32.027067,7,17,63.84
PRD005,2024-06-11 09:12:32.027067,8,42,65.19
PRD005,2024-06-12 09:12:32.027067,12,46,67.48
PRD005,2024-06-13 09:12:32.027067,8,49,61.31
PRD005,2024-06-14 09:12:32.027067,11,21,66.08
PRD005,2024-06-15 09:12:32.027067,16,56,74.39
PRD005,2024-06-16 09:12:32.027067,14,60,71.59
PRD005,2024-06-17 09:12:32.027067,9,87,71.12
PRD005,2024-06-18 09:12:32.027067,8,20,65.28
PRD005,2024-06-19 09:12:32.027067,12,67,65.3
PRD005,2024-06-20 09:12:32.027067,10,24,68.85
PRD005,2024-06-21 09:12:32.027067,11,51,67.42
PRD005,2024-06-22 09:12:32.027067,10,85,71.64
PRD005,2024-06-23 09:12:32.027067,15,79,63.51
PRD005,2024-06-24 09:12:32.027067,11,63,69.87
PRD005,2024-06-25 09:12:32.027067,9,58,61.53
PRD005,2024-06-26 09:12:32.027067,13,6,67.84
PRD005,2024-06-27 09:12:32.027067,14,7,63.08
PRD005,2024-06-28 09:12:32.027067,14,39,73.73
PRD005,2024-06-29 09:12:32.027067,18,5,62.79
PRD005,2024-06-30 09:12:32.027067,20,0,67.46
PRD005,2024-07-01 09:12:32.027067,9,57,70.34
PRD005,2024-07-02 09:12:32.027067,9,50,72.74
PRD005,2024-07-03 09:12:32.027067,11,18,73.04
PRD005,2024-07-04 09:12:32.027067,13,22,65.34
PRD005,2024-07-05 09:12:32.027067,6,26,72.91
PRD005,2024-07-06 09:12:32.027067,15,49,68.08
PRD005,2024-07-07 09:12:32.027067,16,35,64.85
PRD005,2024-07-08 09:12:32.027067,8,13,73.0
PRD005,2024-07-09 09:12:32.027067,7,36,73.17
PRD005,2024-07-10 09:12:32.027067,9,84,68.59
PRD005,2024-07-11 09:12:32.027067,10,36,65.28
PRD005,2024-07-12 09:12:32.027067,7,28,71.15
PRD005,2024-07-13 09:12:32.027067,14,38,62.12
PRD005,2024-07-14 09:12:32.027067,11,87,71.96
PRD005,2024-07-15 09:12:32.027067,9,33,72.03
PRD005,2024-07-16 09:12:32.027067,8,62,65.91
PRD005,2024-07-17 09:12:32.027067,12,52,63.36
PRD005,2024-07-18 09:12:32.027067,9,77,67.94
PRD005,2024-07-19 09:12:32.027067,13,10,70.14
PRD005,2024-07-20 09:12:32.027067,14,18,73.32
PRD005,2024-07-21 09:12:32.027067,16,27,73.91
PRD005,2024-07-22 09:12:32.027067,12,16,68.14
PRD005,2024-07-23 09:12:32.027067,7,50,68.86
PRD005,2024-07-24 09:12:32.027067,11,35,70.22
PRD005,2024-07-25 09:12:32.027067,11,16,66.49
PRD005,2024-07-26 09:12:32.027067,15,69,64.05
PRD005,2024-07-27 09:12:32.027067,21,17,63.43
PRD005,2024-07-28 09:12:32.027067,16,4,66.02
PRD005,2024-07-29 09:12:32.027067,13,25,66.32
PRD005,2024-07-30 09:12:32.027067,10,80,62.01
PRD005,2024-07-31 09:12:32.027067,12,34,71.59
PRD005,2024-08-01 09:12:32.027067,9,88,68.32
PRD005,2024-08-02 09:12:32.027067,11,76,69.91
PRD005,2024-08-03 09:12:32.027067,13,48,74.07
PRD005,2024-08-04 09:12:32.027067,17,9,71.27
PRD005,2024-08-05 09:12:32.027067,10,61,73.51
PRD005,2024-08-06 09:12:32.027067,11,62,65.01
PRD005,2024-08-07 09:12:32.027067,6,60,70.41
PRD005,2024-08-08 09:12:32.027067,7,14,65.17
PRD005,2024-08-09 09:12:32.027067,10,20,68.83
PRD005,2024-08-10 09:12:32.027067,17,72,73.04
PRD005,2024-08-11 09:12:32.027067,13,75,71.38
PRD005,2024-08-12 09:12:32.027067,6,67,68.32
PRD005,2024-08-13 09:12:32.027067,9,62,72.14
PRD005,2024-08-14 09:12:32.027067,10,74,74.38
PRD005,2024-08-15 09:12:32.027067,12,85,74.44
PRD005,2024-08-16 09:12:32.027067,6,91,67.24
PRD005,2024-08-17 09:12:32.027067,10,11,64.04
PRD005,2024-08-18 09:12:32.027067,14,21,64.19
PRD005,2024-08-19 09:12:32.027067,6,18,67.11
PRD005,2024-08-20 09:12:32.027067,11,24,64.91
PRD005,2024-08-21 09:12:32.027067,10,20,64.81
PRD005,2024-08-22 09:12:32.027067,10,21,69.74
PRD005,2024-08-23 09:12:32.027067,11,12,63.47
PRD005,2024-08-24 09:12:32.027067,14,16,63.87
PRD005,2024-08-25 09:12:32.027067,17,8,67.97
PRD005,2024-08-26 09:12:32.027067,13,79,68.77
PRD005,2024-08-27 09:12:32.027067,16,31,65.0
PRD005,2024-08-28 09:12:32.027067,12,26,70.37
PRD005,2024-08-29 09:12:32.027067,12,17,69.6
PRD005,2024-08-30 09:12:32.027067,13,18,66.6
PRD005,2024-08-31 09:12:32.027067,21,40,67.59
PRD005,2024-09-01 09:12:32.027067,16,3,64.74
PRD005,2024-09-02 09:12:32.027067,9,28,62.93
PRD005,2024-09-03 09:12:32.027067,11,78,65.77
PRD005,2024-09-04 09:12:32.027067,7,24,70.44
PRD005,2024-09-05 09:12:32.027067,9,50,67.38
PRD005,2024-09-06 09:12:32.027067,10,70,71.53
PRD005,2024-09-07 09:12:32.027067,14,17,68.19
PRD005,2024-09-08 09:12:32.027067,11,14,74.48
PRD005,2024-09-09 09:12:32.027067,9,89,64.06
PRD005,2024-09-10 09:12:32.027067,12,73,73.45
PRD005,2024-09-11 09:12:32.027067,11,82,62.49
PRD005,2024-09-12 09:12:32.027067,9,19,64.38
PRD005,2024-09-13 09:12:32.027067,13,28,72.16
PRD005,2024-09-14 09:12:32.027067,13,76,73.46
PRD005,2024-09-15 09:12:32.027067,11,59,66.37
PRD005,2024-09-16 09:12:32.027067,10,49,73.78
PRD005,2024-09-17 09:12:32.027067,12,54,62.91
PRD005,2024-09-18 09:12:32.027067,6,50,74.19
PRD005,2024-09-19 09:12:32.027067,13,48,74.24
PRD005,2024-09-20 09:12:32.027067,8,28,70.02
PRD005,2024-09-21 09:12:32.027067,13,76,65.3
PRD005,2024-09-22 09:12:32.027067,19,38,66.82
PRD005,2024-09-23 09:12:32.027067,9,26,63.44
PRD005,2024-09-24 09:12:32.027067,12,17,61.3
PRD005,2024-09-25 09:12:32.027067,15,31,67.12
PRD005,2024-09-26 09:12:32.027067,11,46,67.79
PRD005,2024-09-27 09:12:32.027067,15,14,70.24
PRD005,2024-09-28 09:12:32.027067,19,81,73.76
PRD005,2024-09-29 09:12:32.027067,17,23,69.47
PRD005,2024-09-30 09:12:32.027067,12,22,66.08
PRD005,2024-10-01 09:12:32.027067,9,42,72.57
PRD005,2024-10-02 09:12:32.027067,11,58,66.41
PRD005,2024-10-03 09:12:32.027067,9,55,72.84
PRD005,2024-10-04 09:12:32.027067,10,82,67.44
PRD005,2024-10-05 09:12:32.027067,17,26,63.35
PRD005,2024-10-06 09:12:32.027067,15,9,71.44
PRD005,2024-10-07 09:12:32.027067,10,24,62.59
PRD005,2024-10-08 09:12:32.027067,10,33,73.52
PRD005,2024-10-09 09:12:32.027067,8,23,70.56
PRD005,2024-10-10 09:12:32.027067,9,24,73.89
PRD005,2024-10-11 09:12:32.027067,12,86,70.82
PRD005,2024-10-12 09:12:32.027067,16,81,72.1
PRD005,2024-10-13 09:12:32.027067,14,63,63.55
PRD005,2024-10-14 09:12:32.027067,10,35,74.45
PRD005,2024-10-15 09:12:32.027067,13,33,74.61
PRD005,2024-10-16 09:12:32.027067,10,54,65.6
PRD005,2024-10-17 09:12:32.027067,10,68,65.77
PRD005,2024-10-18 09:12:32.027067,8,16,63.6
PRD005,2024-10-19 09:12:32.027067,15,7,61.35
PRD005,2024-10-20 09:12:32.027067,14,19,67.36
PRD005,2024-10-21 09:12:32.027067,10,18,71.73
PRD005,2024-10-22 09:12:32.027067,10,12,67.06
PRD005,2024-10-23 09:12:32.027067,7,20,63.76
PRD005,2024-10-24 09:12:32.027067,9,22,72.46
PRD005,2024-10-25 09:12:32.027067,10,35,73.42
PRD005,2024-10-26 09:12:32.027067,13,46,68.65
PRD005,2024-10-27 09:12:32.027067,15,29,70.33
PRD005,2024-10-28 09:12:32.027067,11,75,63.38
PRD005,2024-10-29 09:12:32.027067,14,32,67.1
PRD005,2024-10-30 09:12:32.027067,13,20,68.82
PRD005,2024-10-31 09:12:32.027067,10,33,66.92
PRD005,2024-11-01 09:12:32.027067,13,23,74.38
PRD005,2024-11-02 09:12:32.027067,11,12,71.87
PRD005,2024-11-03 09:12:32.027067,18,34,62.39
PRD005,2024-11-04 09:12:32.027067,9,45,73.84
PRD005,2024-11-05 09:12:32.027067,12,24,67.95
PRD005,2024-11-06 09:12:32.027067,6,20,74.31
PRD005,2024-11-07 09:12:32.027067,11,44,63.32
PRD005,2024-11-08 09:12:32.027067,8,72,68.06
PRD005,2024-11-09 09:12:32.027067,16,54,64.62
PRD005,2024-11-10 09:12:32.027067,17,51,68.23
PRD005,2024-11-11 09:12:32.027067,9,31,71.14
PRD005,2024-11-12 09:12:32.027067,11,31,67.35
PRD005,2024-11-13 09:12:32.027067,10,23,69.87
PRD005,2024-11-14 09:12:32.027067,8,45,62.21
PRD005,2024-11-15 09:12:32.027067,6,73,70.63
PRD005,2024-11-16 09:12:32.027067,14,71,66.7
PRD005,2024-11-17 09:12:32.027067,14,33,70.72
PRD005,2024-11-18 09:12:32.027067,11,73,70.7
PRD005,2024-11-19 09:12:32.027067,9,45,72.36
PRD005,2024-11-20 09:12:32.027067,8,67,62.18
PRD005,2024-11-21 09:12:32.027067,7,86,65.25
PRD005,2024-11-22 09:12:32.027067,6,59,65.16
PRD005,2024-11-23 09:12:32.027067,12,85,73.24
PRD005,2024-11-24 09:12:32.027067,14,30,62.66
PRD005,2024-11-25 09:12:32.027067,17,56,68.9
PRD005,2024-11-26 09:12:32.027067,13,59,69.46
PRD005,2024-11-27 09:12:32.027067,14,83,69.93
PRD005,2024-11-28 09:12:32.027067,15,59,62.42
PRD005,2024-11-29 09:12:32.027067,14,68,74.55
PRD005,2024-11-30 09:12:32.027067,16,74,74.42
PRD005,2024-12-01 09:12:32.027067,15,10,66.28
PRD005,2024-12-02 09:12:32.027067,13,13,64.87
PRD005,2024-12-03 09:12:32.027067,8,53,70.51
PRD005,2024-12-04 09:12:32.027067,8,65,67.21
PRD005,2024-12-05 09:12:32.027067,12,11,71.66
PRD005,2024-12-06 09:12:32.027067,12,69,73.06
PRD005,2024-12-07 09:12:32.027067,12,8,64.25
PRD005,2024-12-08 09:12:32.027067,12,65,69.5
PRD005,2024-12-09 09:12:32.027067,10,22,71.45
PRD005,2024-12-10 09:12:32.027067,8,32,65.23
PRD005,2024-12-11 09:12:32.027067,6,27,69.8
PRD005,2024-12-12 09:12:32.027067,10,21,70.96
PRD005,2024-12-13 09:12:32.027067,9,75,65.5
PRD005,2024-12-14 09:12:32.027067,14,62,74.66
PRD005,2024-12-15 09:12:32.027067,15,10,72.63
PRD005,2024-12-16 09:12:32.027067,13,67,72.44
PRD005,2024-12-17 09:12:32.027067,8,89,66.63
PRD005,2024-12-18 09:12:32.027067,11,21,68.09
PRD005,2024-12-19 09:12:32.027067,10,15,69.92
PRD005,2024-12-20 09:12:32.027067,13,29,62.4
PRD005,2024-12-21 09:12:32.027067,15,63,66.68
PRD005,2024-12-22 09:12:32.027067,15,12,64.56
PRD005,2024-12-23 09:12:32.027067,9,76,65.33
PRD005,2024-12-24 09:12:32.027067,10,14,72.64
PRD005,2024-12-25 09:12:32.027067,10,20,70.27
PRD005,2024-12-26 09:12:32.027067,14,84,62.13
PRD005,2024-12-27 09:12:32.027067,11,70,71.38
PRD005,2024-12-28 09:12:32.027067,18,14,64.42
PRD005,2024-12-29 09:12:32.027067,21,78,61.59
PRD005,2024-12-30 09:12:32.027067,15,12,73.88
PRD005,2024-12-31 09:12:32.027067,13,40,73.48
PRD005,2025-01-01 09:12:32.027067,8,18,66.89
PRD005,2025-01-02 09:12:32.027067,10,62,62.05
PRD005,2025-01-03 09:12:32.027067,7,89,65.76
PRD005,2025-01-04 09:12:32.027067,15,69,73.86
PRD005,2025-01-05 09:12:32.027067,11,25,63.0
PRD005,2025-01-06 09:12:32.027067,10,17,66.0
PRD005,2025-01-07 09:12:32.027067,9,46,72.74
PRD005,2025-01-08 09:12:32.027067,12,63,63.5
PRD005,2025-01-09 09:12:32.027067,9,23,65.3
PRD005,2025-01-10 09:12:32.027067,12,36,74.16
PRD005,2025-01-11 09:12:32.027067,13,22,63.86
PRD005,2025-01-12 09:12:32.027067,17,62,69.55
PRD005,2025-01-13 09:12:32.027067,12,50,69.26
PRD005,2025-01-14 09:12:32.027067,6,89,74.37
PRD005,2025-01-15 09:12:32.027067,8,36,63.39
PRD005,2025-01-16 09:12:32.027067,8,66,66.67
PRD005,2025-01-17 09:12:32.027067,10,52,68.52
PRD005,2025-01-18 09:12:32.027067,12,20,70.02
PRD005,2025-01-19 09:12:32.027067,13,18,64.81
PRD005,2025-01-20 09:12:32.027067,12,16,67.15
PRD005,2025-01-21 09:12:32.027067,9,48,66.23
PRD005,2025-01-22 09:12:32.027067,8,80,73.74
PRD005,2025-01-23 09:12:32.027067,11,32,71.91
PRD005,2025-01-24 09:12:32.027067,7,28,73.37
PRD005,2025-01-25 09:12:32.027067,22,1,72.09
PRD005,2025-01-26 09:12:32.027067,19,5,64.34
PRD005,2025-01-27 09:12:32.027067,12,42,65.71
PRD005,2025-01-28 09:12:32.027067,9,16,68.52
PRD005,2025-01-29 09:12:32.027067,10,43,63.37
PRD005,2025-01-30 09:12:32.027067,13,55,61.88
PRD005,2025-01-31 09:12:32.027067,14,4,61.35
PRD005,2025-02-01 09:12:32.027067,12,20,67.75
PRD005,2025-02-02 09:12:32.027067,12,69,66.35
PRD005,2025-02-03 09:12:32.027067,8,43,68.8
PRD005,2025-02-04 09:12:32.027067,11,55,61.57
PRD005,2025-02-05 09:12:32.027067,12,20,68.0
PRD005,2025-02-06 09:12:32.027067,10,29,70.19
PRD005,2025-02-07 09:12:32.027067,10,81,64.45
PRD005,2025-02-08 09:12:32.027067,13,77,74.52
PRD005,2025-02-09 09:12:32.027067,17,17,69.44
PRD005,2025-02-10 09:12:32.027067,8,31,71.38
PRD005,2025-02-11 09:12:32.027067,11,23,71.12
PRD005,2025-02-12 09:12:32.027067,10,81,65.94
PRD005,2025-02-13 09:12:32.027067,6,66,63.49
PRD005,2025-02-14 09:12:32.027067,7,26,71.01
PRD005,2025-02-15 09:12:32.027067,14,63,72.82
PRD005,2025-02-16 09:12:32.027067,17,76,67.92
PRD005,2025-02-17 09:12:32.027067,9,59,72.14
PRD005,2025-02-18 09:12:32.027067,11,55,74.38
PRD005,2025-02-19 09:12:32.027067,10,62,70.12
PRD005,2025-02-20 09:12:32.027067,12,13,67.16
PRD005,2025-02-21 09:12:32.027067,12,84,66.97
PRD005,2025-02-22 09:12:32.027067,14,9,71.94
PRD005,2025-02-23 09:12:32.027067,14,17,69.94
PRD005,2025-02-24 09:12:32.027067,8,84,62.39
PRD005,2025-02-25 09:12:32.027067,10,18,74.19
PRD005,2025-02-26 09:12:32.027067,11,34,65.95
PRD005,2025-02-27 09:12:32.027067,13,48,64.26
PRD005,2025-02-28 09:12:32.027067,15,36,64.85
PRD005,2025-03-01 09:12:32.027067,19,7,69.89
PRD005,2025-03-02 09:12:32.027067,17,33,67.65
PRD005,2025-03-03 09:12:32.027067,12,55,74.4
PRD005,2025-03-04 09:12:32.027067,9,9,63.84
PRD005,2025-03-05 09:12:32.027067,8,15,66.77
PRD005,2025-03-06 09:12:32.027067,12,73,72.94
PRD005,2025-03-07 09:12:32.027067,10,17,73.73
PRD005,2025-03-08 09:12:32.027067,12,77,73.14
PRD005,2025-03-09 09:12:32.027067,12,19,62.32
PRD005,2025-03-10 09:12:32.027067,10,20,72.53
PRD005,2025-03-11 09:12:32.027067,12,14,67.42
PRD005,2025-03-12 09:12:32.027067,9,60,67.57
PRD005,2025-03-13 09:12:32.027067,10,88,68.56
PRD005,2025-03-14 09:12:32.027067,11,32,65.86
PRD005,2025-03-15 09:12:32.027067,17,28,64.0
PRD005,2025-03-16 09:12:32.027067,16,80,72.09
PRD005,2025-03-17 09:12:32.027067,8,57,63.82
PRD005,2025-03-18 09:12:32.027067,11,16,73.02
PRD005,2025-03-19 09:12:32.027067,10,12,61.87
PRD005,2025-03-20 09:12:32.027067,6,21,67.19
PRD005,2025-03-21 09:12:32.027067,9,47,74.34
PRD005,2025-03-22 09:12:32.027067,15,67,66.74
PRD005,2025-03-23 09:12:32.027067,15,22,70.94
PRD005,2025-03-24 09:12:32.027067,8,68,72.18
PRD005,2025-03-25 09:12:32.027067,14,84,69.13
PRD005,2025-03-26 09:12:32.027067,10,54,71.57
PRD005,2025-03-27 09:12:32.027067,8,46,68.5
PRD005,2025-03-28 09:12:32.027067,13,21,68.51
PRD005,2025-03-29 09:12:32.027067,19,77,63.36
PRD005,2025-03-30 09:12:32.027067,17,16,61.37
PRD005,2025-03-31 09:12:32.027067,15,69,62.91
PRD005,2025-04-01 09:12:32.027067,9,26,72.22
PRD005,2025-04-02 09:12:32.027067,8,69,68.73
PRD005,2025-04-03 09:12:32.027067,8,17,62.47
PRD005,2025-04-04 09:12:32.027067,7,56,69.87
PRD005,2025-04-05 09:12:32.027067,15,19,61.32
PRD005,2025-04-06 09:12:32.027067,15,6,62.0
PRD005,2025-04-07 09:12:32.027067,8,64,66.41
PRD005,2025-04-08 09:12:32.027067,8,14,73.03
PRD005,2025-04-09 09:12:32.027067,8,85,66.5
PRD005,2025-04-10 09:12:32.027067,10,89,67.73
PRD005,2025-04-11 09:12:32.027067,8,17,62.72
PRD005,2025-04-12 09:12:32.027067,11,24,67.06
PRD005,2025-04-13 09:12:32.027067,13,34,63.08
PRD005,2025-04-14 09:12:32.027067,10,83,73.81
PRD005,2025-04-15 09:12:32.027067,9,88,67.06
PRD005,2025-04-16 09:12:32.027067,10,77,67.47
PRD005,2025-04-17 09:12:32.027067,7,56,71.79
PRD005,2025-04-18 09:12:32.027067,9,15,62.39
PRD005,2025-04-19 09:12:32.027067,16,7,66.05
PRD005,2025-04-20 09:12:32.027067,14,15,73.97
PRD005,2025-04-21 09:12:32.027067,7,26,67.2
PRD005,2025-04-22 09:12:32.027067,6,39,74.35
PRD005,2025-04-23 09:12:32.027067,7,51,62.29
PRD005,2025-04-24 09:12:32.027067,9,88,72.08
PRD005,2025-04-25 09:12:32.027067,14,6,71.2
PRD005,2025-04-26 09:12:32.027067,23,65,74.49
PRD005,2025-04-27 09:12:32.027067,14,17,65.65
PRD005,2025-04-28 09:12:32.027067,12,48,61.6
PRD005,2025-04-29 09:12:32.027067,13,31,69.0
PRD005,2025-04-30 09:12:32.027067,16,8,62.13
PRD005,2025-05-01 09:12:32.027067,7,69,63.83
PRD005,2025-05-02 09:12:32.027067,9,59,73.8
PRD005,2025-05-03 09:12:32.027067,15,15,66.59
PRD005,2025-05-04 09:12:32.027067,11,19,68.35
PRD005,2025-05-05 09:12:32.027067,8,33,61.42
PRD005,2025-05-06 09:12:32.027067,8,23,61.42
PRD005,2025-05-07 09:12:32.027067,8,24,70.13
PRD005,2025-05-08 09:12:32.027067,7,66,63.34
PRD005,2025-05-09 09:12:32.027067,13,68,65.9
PRD005,2025-05-10 09:12:32.027067,17,4,61.88
PRD005,2025-05-11 09:12:32.027067,16,4,68.97
PRD005,2025-05-12 09:12:32.027067,8,63,68.45
PRD005,2025-05-13 09:12:32.027067,11,17,63.05
PRD005,2025-05-14 09:12:32.027067,9,89,70.08
PRD005,2025-05-15 09:12:32.027067,8,75,63.68
PRD005,2025-05-16 09:12:32.027067,9,60,69.93
PRD005,2025-05-17 09:12:32.027067,12,42,66.69
PRD005,2025-05-18 09:12:32.027067,15,50,74.37
PRD005,2025-05-19 09:12:32.027067,10,76,63.54
PRD005,2025-05-20 09:12:32.027067,12,12,64.1
PRD005,2025-05-21 09:12:32.027067,13,24,66.27
PRD005,2025-05-22 09:12:32.027067,12,40,67.94
PRD006,2024-05-22 09:12:32.027067,8,33,481.17
PRD006,2024-05-23 09:12:32.027067,7,42,486.1
PRD006,2024-05-24 09:12:32.027067,10,69,493.94
PRD006,2024-05-25 09:12:32.027067,17,81,549.16
PRD006,2024-05-26 09:12:32.027067,18,82,554.41
PRD006,2024-05-27 09:12:32.027067,7,50,497.3
PRD006,2024-05-28 09:12:32.027067,12,22,581.71
PRD006,2024-05-29 09:12:32.027067,16,27,491.14
PRD006,2024-05-30 09:12:32.027067,13,83,502.17
PRD006,2024-05-31 09:12:32.027067,10,51,484.78
PRD006,2024-06-01 09:12:32.027067,11,18,503.01
PRD006,2024-06-02 09:12:32.027067,12,16,582.14
PRD006,2024-06-03 09:12:32.027067,9,45,556.52
PRD006,2024-06-04 09:12:32.027067,7,25,520.79
PRD006,2024-06-05 09:12:32.027067,10,19,582.99
PRD006,2024-06-06 09:12:32.027067,7,65,532.23
PRD006,2024-06-07 09:12:32.027067,7,43,538.36
PRD006,2024-06-08 09:12:32.027067,12,37,539.25
PRD006,2024-06-09 09:12:32.027067,10,49,503.79
PRD006,2024-06-10 09:12:32.027067,8,68,522.79
PRD006,2024-06-11 09:12:32.027067,10,73,520.65
PRD006,2024-06-12 09:12:32.027067,7,45,576.85
PRD006,2024-06-13 09:12:32.027067,11,19,503.93
PRD006,2024-06-14 09:12:32.027067,7,48,482.39
PRD006,2024-06-15 09:12:32.027067,12,68,551.11
PRD006,2024-06-16 09:12:32.027067,14,32,507.86
PRD006,2024-06-17 09:12:32.027067,9,23,505.42
PRD006,2024-06-18 09:12:32.027067,6,68,494.73
PRD006,2024-06-19 09:12:32.027067,10,36,480.48
PRD006,2024-06-20 09:12:32.027067,10,27,547.46
PRD006,2024-06-21 09:12:32.027067,7,79,516.69
PRD006,2024-06-22 09:12:32.027067,14,52,505.34
PRD006,2024-06-23 09:12:32.027067,13,13,575.56
PRD006,2024-06-24 09:12:32.027067,7,88,497.16
PRD006,2024-06-25 09:12:32.027067,13,40,486.98
PRD006,2024-06-26 09:12:32.027067,9,20,516.54
PRD006,2024-06-27 09:12:32.027067,10,20,515.56
PRD006,2024-06-28 09:12:32.027067,9,28,477.4
PRD006,2024-06-29 09:12:32.027067,15,77,512.17
PRD006,2024-06-30 09:12:32.027067,13,49,531.74
PRD006,2024-07-01 09:12:32.027067,11,20,506.2
PRD006,2024-07-02 09:12:32.027067,12,85,513.42
PRD006,2024-07-03 09:12:32.027067,7,33,514.24
PRD006,2024-07-04 09:12:32.027067,9,73,486.44
PRD006,2024-07-05 09:12:32.027067,7,56,566.53
PRD006,2024-07-06 09:12:32.027067,10,21,546.63
PRD006,2024-07-07 09:12:32.027067,14,71,545.18
PRD006,2024-07-08 09:12:32.027067,9,52,568.36
PRD006,2024-07-09 09:12:32.027067,5,44,528.46
PRD006,2024-07-10 09:12:32.027067,6,90,523.7
PRD006,2024-07-11 09:12:32.027067,9,74,578.21
PRD006,2024-07-12 09:12:32.027067,6,45,529.34
PRD006,2024-07-13 09:12:32.027067,10,17,551.34
PRD006,2024-07-14 09:12:32.027067,15,21,530.91
PRD006,2024-07-15 09:12:32.027067,8,85,543.84
PRD006,2024-07-16 09:12:32.027067,9,27,580.32
PRD006,2024-07-17 09:12:32.027067,10,72,511.7
PRD006,2024-07-18 09:12:32.027067,11,79,574.87
PRD006,2024-07-19 09:12:32.027067,7,15,504.79
PRD006,2024-07-20 09:12:32.027067,11,25,548.0
PRD006,2024-07-21 09:12:32.027067,13,84,525.12
PRD006,2024-07-22 09:12:32.027067,9,34,485.08
PRD006,2024-07-23 09:12:32.027067,9,23,531.71
PRD006,2024-07-24 09:12:32.027067,9,59,517.45
PRD006,2024-07-25 09:12:32.027067,15,34,526.27
PRD006,2024-07-26 09:12:32.027067,11,70,523.03
PRD006,2024-07-27 09:12:32.027067,19,1,559.0
PRD006,2024-07-28 09:12:32.027067,18,2,542.91
PRD006,2024-07-29 09:12:32.027067,12,84,523.15
PRD006,2024-07-30 09:12:32.027067,12,65,580.83
PRD006,2024-07-31 09:12:32.027067,12,33,488.95
PRD006,2024-08-01 09:12:32.027067,6,14,480.48
PRD006,2024-08-02 09:12:32.027067,9,67,526.28
PRD006,2024-08-03 09:12:32.027067,12,52,509.11
PRD006,2024-08-04 09:12:32.027067,13,81,528.45
PRD006,2024-08-05 09:12:32.027067,9,73,510.56
PRD006,2024-08-06 09:12:32.027067,9,68,500.64
PRD006,2024-08-07 09:12:32.027067,10,10,490.36
PRD006,2024-08-08 09:12:32.027067,5,29,542.06
PRD006,2024-08-09 09:12:32.027067,9,31,519.3
PRD006,2024-08-10 09:12:32.027067,9,87,503.67
PRD006,2024-08-11 09:12:32.027067,11,53,577.36
PRD006,2024-08-12 09:12:32.027067,9,86,556.09
PRD006,2024-08-13 09:12:32.027067,12,79,549.35
PRD006,2024-08-14 09:12:32.027067,9,17,497.46
PRD006,2024-08-15 09:12:32.027067,6,47,497.03
PRD006,2024-08-16 09:12:32.027067,6,58,497.7
PRD006,2024-08-17 09:12:32.027067,12,63,501.22
PRD006,2024-08-18 09:12:32.027067,17,52,510.38
PRD006,2024-08-19 09:12:32.027067,7,24,535.59
PRD006,2024-08-20 09:12:32.027067,6,24,578.13
PRD006,2024-08-21 09:12:32.027067,12,26,485.77
PRD006,2024-08-22 09:12:32.027067,10,76,574.38
PRD006,2024-08-23 09:12:32.027067,10,45,530.48
PRD006,2024-08-24 09:12:32.027067,9,17,573.54
PRD006,2024-08-25 09:12:32.027067,20,49,571.35
PRD006,2024-08-26 09:12:32.027067,13,50,531.58
PRD006,2024-08-27 09:12:32.027067,10,36,534.94
PRD006,2024-08-28 09:12:32.027067,15,21,579.19
PRD006,2024-08-29 09:12:32.027067,12,60,501.58
PRD006,2024-08-30 09:12:32.027067,11,87,493.82
PRD006,2024-08-31 09:12:32.027067,17,43,539.61
PRD006,2024-09-01 09:12:32.027067,9,27,558.09
PRD006,2024-09-02 09:12:32.027067,8,25,504.33
PRD006,2024-09-03 09:12:32.027067,10,67,573.7
PRD006,2024-09-04 09:12:32.027067,8,28,514.3
PRD006,2024-09-05 09:12:32.027067,12,43,581.15
PRD006,2024-09-06 09:12:32.027067,10,89,556.86
PRD006,2024-09-07 09:12:32.027067,12,21,533.59
PRD006,2024-09-08 09:12:32.027067,16,9,562.24
PRD006,2024-09-09 09:12:32.027067,7,32,503.8
PRD006,2024-09-10 09:12:32.027067,9,90,523.59
PRD006,2024-09-11 09:12:32.027067,10,13,507.09
PRD006,2024-09-12 09:12:32.027067,6,57,525.15
PRD006,2024-09-13 09:12:32.027067,8,28,480.35
PRD006,2024-09-14 09:12:32.027067,12,21,573.72
PRD006,2024-09-15 09:12:32.027067,8,34,538.97
PRD006,2024-09-16 09:12:32.027067,9,21,508.57
PRD006,2024-09-17 09:12:32.027067,7,80,546.37
PRD006,2024-09-18 09:12:32.027067,9,12,532.76
PRD006,2024-09-19 09:12:32.027067,9,51,504.53
PRD006,2024-09-20 09:12:32.027067,9,24,546.99
PRD006,2024-09-21 09:12:32.027067,14,78,529.96
PRD006,2024-09-22 09:12:32.027067,17,8,551.26
PRD006,2024-09-23 09:12:32.027067,8,53,578.84
PRD006,2024-09-24 09:12:32.027067,7,48,503.26
PRD006,2024-09-25 09:12:32.027067,8,23,570.15
PRD006,2024-09-26 09:12:32.027067,7,18,511.37
PRD006,2024-09-27 09:12:32.027067,12,47,507.58
PRD006,2024-09-28 09:12:32.027067,18,1,578.31
PRD006,2024-09-29 09:12:32.027067,22,34,521.67
PRD006,2024-09-30 09:12:32.027067,9,49,541.09
PRD006,2024-10-01 09:12:32.027067,5,45,489.26
PRD006,2024-10-02 09:12:32.027067,6,27,552.87
PRD006,2024-10-03 09:12:32.027067,5,22,552.28
PRD006,2024-10-04 09:12:32.027067,6,10,510.38
PRD006,2024-10-05 09:12:32.027067,11,18,542.11
PRD006,2024-10-06 09:12:32.027067,17,3,510.29
PRD006,2024-10-07 09:12:32.027067,8,39,492.35
PRD006,2024-10-08 09:12:32.027067,9,71,567.69
PRD006,2024-10-09 09:12:32.027067,8,19,555.59
PRD006,2024-10-10 09:12:32.027067,7,37,502.08
PRD006,2024-10-11 09:12:32.027067,9,82,569.71
PRD006,2024-10-12 09:12:32.027067,13,87,534.26
PRD006,2024-10-13 09:12:32.027067,14,17,493.97
PRD006,2024-10-14 09:12:32.027067,8,20,548.14
PRD006,2024-10-15 09:12:32.027067,9,44,526.5
PRD006,2024-10-16 09:12:32.027067,10,62,500.05
PRD006,2024-10-17 09:12:32.027067,6,35,553.06
PRD006,2024-10-18 09:12:32.027067,7,32,566.21
PRD006,2024-10-19 09:12:32.027067,10,27,485.43
PRD006,2024-10-20 09:12:32.027067,12,43,520.05
PRD006,2024-10-21 09:12:32.027067,12,79,519.96
PRD006,2024-10-22 09:12:32.027067,12,32,503.78
PRD006,2024-10-23 09:12:32.027067,10,59,493.34
PRD006,2024-10-24 09:12:32.027067,9,87,545.06
PRD006,2024-10-25 09:12:32.027067,14,45,499.86
PRD006,2024-10-26 09:12:32.027067,20,23,513.56
PRD006,2024-10-27 09:12:32.027067,18,69,529.43
PRD006,2024-10-28 09:12:32.027067,12,17,492.31
PRD006,2024-10-29 09:12:32.027067,9,91,483.07
PRD006,2024-10-30 09:12:32.027067,13,10,582.83
PRD006,2024-10-31 09:12:32.027067,9,73,526.5
PRD006,2024-11-01 09:12:32.027067,11,16,486.49
PRD006,2024-11-02 09:12:32.027067,13,11,527.48
PRD006,2024-11-03 09:12:32.027067,10,73,580.14
PRD006,2024-11-04 09:12:32.027067,5,15,517.39
PRD006,2024-11-05 09:12:32.027067,11,50,512.31
PRD006,2024-11-06 09:12:32.027067,8,73,485.38
PRD006,2024-11-07 09:12:32.027067,7,85,509.99
PRD006,2024-11-08 09:12:32.027067,10,48,525.02
PRD006,2024-11-09 09:12:32.027067,8,28,526.41
PRD006,2024-11-10 09:12:32.027067,13,81,534.61
PRD006,2024-11-11 09:12:32.027067,7,26,503.3
PRD006,2024-11-12 09:12:32.027067,7,13,568.43
PRD006,2024-11-13 09:12:32.027067,6,68,516.09
PRD006,2024-11-14 09:12:32.027067,8,31,582.6
PRD006,2024-11-15 09:12:32.027067,10,20,526.92
PRD006,2024-11-16 09:12:32.027067,8,20,491.18
PRD006,2024-11-17 09:12:32.027067,12,73,557.22
PRD006,2024-11-18 09:12:32.027067,8,53,502.04
PRD006,2024-11-19 09:12:32.027067,12,81,541.01
PRD006,2024-11-20 09:12:32.027067,11,26,487.01
PRD006,2024-11-21 09:12:32.027067,11,45,503.63
PRD006,2024-11-22 09:12:32.027067,7,25,533.08
PRD006,2024-11-23 09:12:32.027067,17,43,499.03
PRD006,2024-11-24 09:12:32.027067,14,27,529.63
PRD006,2024-11-25 09:12:32.027067,10,58,519.84
PRD006,2024-11-26 09:12:32.027067,8,35,523.09
PRD006,2024-11-27 09:12:32.027067,7,45,540.24
PRD006,2024-11-28 09:12:32.027067,10,21,509.04
PRD006,2024-11-29 09:12:32.027067,12,26,505.02
PRD006,2024-11-30 09:12:32.027067,12,88,556.28
PRD006,2024-12-01 09:12:32.027067,14,75,537.6
PRD006,2024-12-02 09:12:32.027067,7,67,541.39
PRD006,2024-12-03 09:12:32.027067,9,14,559.92
PRD006,2024-12-04 09:12:32.027067,8,43,526.71
PRD006,2024-12-05 09:12:32.027067,10,74,541.23
PRD006,2024-12-06 09:12:32.027067,8,86,481.01
PRD006,2024-12-07 09:12:32.027067,14,86,556.23
PRD006,2024-12-08 09:12:32.027067,12,82,578.33
PRD006,2024-12-09 09:12:32.027067,10,85,534.83
PRD006,2024-12-10 09:12:32.027067,9,88,572.39
PRD006,2024-12-11 09:12:32.027067,6,25,477.93
PRD006,2024-12-12 09:12:32.027067,9,49,543.5
PRD006,2024-12-13 09:12:32.027067,12,69,570.05
PRD006,2024-12-14 09:12:32.027067,11,26,580.94
PRD006,2024-12-15 09:12:32.027067,12,75,482.44
PRD006,2024-12-16 09:12:32.027067,9,51,519.87
PRD006,2024-12-17 09:12:32.027067,7,77,549.75
PRD006,2024-12-18 09:12:32.027067,9,19,582.47
PRD006,2024-12-19 09:12:32.027067,10,82,528.18
PRD006,2024-12-20 09:12:32.027067,8,20,488.03
PRD006,2024-12-21 09:12:32.027067,12,79,581.68
PRD006,2024-12-22 09:12:32.027067,13,19,540.89
PRD006,2024-12-23 09:12:32.027067,8,62,519.91
PRD006,2024-12-24 09:12:32.027067,9,28,522.11
PRD006,2024-12-25 09:12:32.027067,7,24,551.7
PRD006,2024-12-26 09:12:32.027067,7,91,574.02
PRD006,2024-12-27 09:12:32.027067,11,75,508.47
PRD006,2024-12-28 09:12:32.027067,17,31,481.54
PRD006,2024-12-29 09:12:32.027067,19,1,496.93
PRD006,2024-12-30 09:12:32.027067,10,13,518.0
PRD006,2024-12-31 09:12:32.027067,10,53,547.44
PRD006,2025-01-01 09:12:32.027067,12,84,556.2
PRD006,2025-01-02 09:12:32.027067,9,62,556.93
PRD006,2025-01-03 09:12:32.027067,12,50,545.69
PRD006,2025-01-04 09:12:32.027067,11,52,573.21
PRD006,2025-01-05 09:12:32.027067,11,83,570.21
PRD006,2025-01-06 09:12:32.027067,8,48,540.35
PRD006,2025-01-07 09:12:32.027067,7,89,544.59
PRD006,2025-01-08 09:12:32.027067,7,75,487.68
PRD006,2025-01-09 09:12:32.027067,12,36,526.78
PRD006,2025-01-10 09:12:32.027067,8,60,556.62
PRD006,2025-01-11 09:12:32.027067,14,86,573.29
PRD006,2025-01-12 09:12:32.027067,12,23,576.57
PRD006,2025-01-13 09:12:32.027067,10,69,528.02
PRD006,2025-01-14 09:12:32.027067,6,53,505.05
PRD006,2025-01-15 09:12:32.027067,6,48,533.44
PRD006,2025-01-16 09:12:32.027067,10,75,559.41
PRD006,2025-01-17 09:12:32.027067,9,88,491.94
PRD006,2025-01-18 09:12:32.027067,9,22,561.31
PRD006,2025-01-19 09:12:32.027067,11,46,499.86
PRD006,2025-01-20 09:12:32.027067,11,34,535.21
PRD006,2025-01-21 09:12:32.027067,9,27,551.97
PRD006,2025-01-22 09:12:32.027067,6,29,477.04
PRD006,2025-01-23 09:12:32.027067,6,29,522.37
PRD006,2025-01-24 09:12:32.027067,5,78,518.13
PRD006,2025-01-25 09:12:32.027067,21,51,578.11
PRD006,2025-01-26 09:12:32.027067,18,79,506.22
PRD006,2025-01-27 09:12:32.027067,9,10,564.06
PRD006,2025-01-28 09:12:32.027067,12,38,515.3
PRD006,2025-01-29 09:12:32.027067,12,28,490.01
PRD006,2025-01-30 09:12:32.027067,10,35,541.5
PRD006,2025-01-31 09:12:32.027067,9,39,507.97
PRD006,2025-02-01 09:12:32.027067,13,81,483.32
PRD006,2025-02-02 09:12:32.027067,15,51,516.86
PRD006,2025-02-03 09:12:32.027067,5,32,493.69
PRD006,2025-02-04 09:12:32.027067,6,17,554.88
PRD006,2025-02-05 09:12:32.027067,9,89,536.65
PRD006,2025-02-06 09:12:32.027067,5,88,541.63
PRD006,2025-02-07 09:12:32.027067,8,60,495.42
PRD006,2025-02-08 09:12:32.027067,13,27,526.46
PRD006,2025-02-09 09:12:32.027067,13,20,518.13
PRD006,2025-02-10 09:12:32.027067,7,32,576.21
PRD006,2025-02-11 09:12:32.027067,6,15,484.75
PRD006,2025-02-12 09:12:32.027067,6,72,536.59
PRD006,2025-02-13 09:12:32.027067,10,25,494.8
PRD006,2025-02-14 09:12:32.027067,12,11,517.48
PRD006,2025-02-15 09:12:32.027067,15,75,539.56
PRD006,2025-02-16 09:12:32.027067,13,65,563.75
PRD006,2025-02-17 09:12:32.027067,6,86,556.67
PRD006,2025-02-18 09:12:32.027067,8,34,516.08
PRD006,2025-02-19 09:12:32.027067,7,19,547.94
PRD006,2025-02-20 09:12:32.027067,9,17,519.59
PRD006,2025-02-21 09:12:32.027067,6,19,515.96
PRD006,2025-02-22 09:12:32.027067,14,76,547.14
PRD006,2025-02-23 09:12:32.027067,13,48,478.77
PRD006,2025-02-24 09:12:32.027067,5,76,550.92
PRD006,2025-02-25 09:12:32.027067,9,88,499.85
PRD006,2025-02-26 09:12:32.027067,12,79,498.99
PRD006,2025-02-27 09:12:32.027067,8,13,518.17
PRD006,2025-02-28 09:12:32.027067,11,19,511.13
PRD006,2025-03-01 09:12:32.027067,14,41,529.2
PRD006,2025-03-02 09:12:32.027067,15,10,530.14
PRD006,2025-03-03 09:12:32.027067,7,34,481.72
PRD006,2025-03-04 09:12:32.027067,7,30,519.13
PRD006,2025-03-05 09:12:32.027067,9,53,565.49
PRD006,2025-03-06 09:12:32.027067,11,52,521.42
PRD006,2025-03-07 09:12:32.027067,8,22,490.92
PRD006,2025-03-08 09:12:32.027067,12,37,573.42
PRD006,2025-03-09 09:12:32.027067,16,69,560.01
PRD006,2025-03-10 09:12:32.027067,9,81,548.95
PRD006,2025-03-11 09:12:32.027067,6,47,477.34
PRD006,2025-03-12 09:12:32.027067,9,30,546.95
PRD006,2025-03-13 09:12:32.027067,9,80,562.42
PRD006,2025-03-14 09:12:32.027067,11,43,504.63
PRD006,2025-03-15 09:12:32.027067,15,53,531.85
PRD006,2025-03-16 09:12:32.027067,11,29,500.72
PRD006,2025-03-17 09:12:32.027067,8,22,514.74
PRD006,2025-03-18 09:12:32.027067,7,66,497.15
PRD006,2025-03-19 09:12:32.027067,10,60,518.21
PRD006,2025-03-20 09:12:32.027067,10,18,496.21
PRD006,2025-03-21 09:12:32.027067,8,88,516.24
PRD006,2025-03-22 09:12:32.027067,11,87,582.2
PRD006,2025-03-23 09:12:32.027067,15,19,537.14
PRD006,2025-03-24 09:12:32.027067,7,81,532.26
PRD006,2025-03-25 09:12:32.027067,8,83,513.78
PRD006,2025-03-26 09:12:32.027067,14,76,520.33
PRD006,2025-03-27 09:12:32.027067,8,39,547.38
PRD006,2025-03-28 09:12:32.027067,7,19,560.96
PRD006,2025-03-29 09:12:32.027067,22,9,542.13
PRD006,2025-03-30 09:12:32.027067,15,80,528.17
PRD006,2025-03-31 09:12:32.027067,9,35,521.91
PRD006,2025-04-01 09:12:32.027067,11,66,526.04
PRD006,2025-04-02 09:12:32.027067,9,85,502.95
PRD006,2025-04-03 09:12:32.027067,6,63,546.55
PRD006,2025-04-04 09:12:32.027067,6,12,571.1
PRD006,2025-04-05 09:12:32.027067,9,15,558.83
PRD006,2025-04-06 09:12:32.027067,15,33,491.33
PRD006,2025-04-07 09:12:32.027067,8,59,519.63
PRD006,2025-04-08 09:12:32.027067,6,49,524.84
PRD006,2025-04-09 09:12:32.027067,9,17,578.29
PRD006,2025-04-10 09:12:32.027067,8,89,552.13
PRD006,2025-04-11 09:12:32.027067,10,12,558.3
PRD006,2025-04-12 09:12:32.027067,13,39,492.68
PRD006,2025-04-13 09:12:32.027067,13,9,502.04
PRD006,2025-04-14 09:12:32.027067,6,20,564.21
PRD006,2025-04-15 09:12:32.027067,7,51,519.29
PRD006,2025-04-16 09:12:32.027067,9,21,578.97
PRD006,2025-04-17 09:12:32.027067,7,78,524.98
PRD006,2025-04-18 09:12:32.027067,8,71,514.08
PRD006,2025-04-19 09:12:32.027067,15,84,555.81
PRD006,2025-04-20 09:12:32.027067,16,44,570.35
PRD006,2025-04-21 09:12:32.027067,9,74,492.23
PRD006,2025-04-22 09:12:32.027067,6,56,482.71
PRD006,2025-04-23 09:12:32.027067,12,87,477.51
PRD006,2025-04-24 09:12:32.027067,10,38,551.95
PRD006,2025-04-25 09:12:32.027067,12,42,495.55
PRD006,2025-04-26 09:12:32.027067,19,9,487.9
PRD006,2025-04-27 09:12:32.027067,17,16,548.69
PRD006,2025-04-28 09:12:32.027067,11,10,531.87
PRD006,2025-04-29 09:12:32.027067,8,71,482.08
PRD006,2025-04-30 09:12:32.027067,8,47,522.11
