product_id,date,sales_quantity,stock_level,price
PRD001,2024-05-22 13:57:36.235270,9,20,429.0
PRD001,2024-05-23 13:57:36.235270,10,35,393.45
PRD001,2024-05-24 13:57:36.235270,4,70,425.91
PRD001,2024-05-25 13:57:36.235270,15,84,364.97
PRD001,2024-05-26 13:57:36.235270,15,73,380.4
PRD001,2024-05-27 13:57:36.235270,9,67,401.71
PRD001,2024-05-28 13:57:36.235270,7,86,435.54
PRD001,2024-05-29 13:57:36.235270,7,18,422.39
PRD001,2024-05-30 13:57:36.235270,10,88,395.76
PRD001,2024-05-31 13:57:36.235270,8,70,381.68
PRD001,2024-06-01 13:57:36.235270,11,32,403.71
PRD001,2024-06-02 13:57:36.235270,11,89,389.62
PRD001,2024-06-03 13:57:36.235270,8,80,374.05
PRD001,2024-06-04 13:57:36.235270,8,23,394.15
PRD001,2024-06-05 13:57:36.235270,6,23,376.6
PRD001,2024-06-06 13:57:36.235270,8,55,444.95
PRD001,2024-06-07 13:57:36.235270,4,55,425.22
PRD001,2024-06-08 13:57:36.235270,11,37,420.15
PRD001,2024-06-09 13:57:36.235270,8,15,437.92
PRD001,2024-06-10 13:57:36.235270,7,82,373.76
PRD001,2024-06-11 13:57:36.235270,7,65,365.96
PRD001,2024-06-12 13:57:36.235270,9,87,387.45
PRD001,2024-06-13 13:57:36.235270,9,46,425.29
PRD001,2024-06-14 13:57:36.235270,5,81,427.38
PRD001,2024-06-15 13:57:36.235270,10,79,432.64
PRD001,2024-06-16 13:57:36.235270,10,23,369.13
PRD001,2024-06-17 13:57:36.235270,9,21,437.55
PRD001,2024-06-18 13:57:36.235270,5,21,420.26
PRD001,2024-06-19 13:57:36.235270,6,26,427.29
PRD001,2024-06-20 13:57:36.235270,6,20,380.94
PRD001,2024-06-21 13:57:36.235270,9,21,409.09
PRD001,2024-06-22 13:57:36.235270,12,17,369.21
PRD001,2024-06-23 13:57:36.235270,14,22,420.25
PRD001,2024-06-24 13:57:36.235270,7,21,378.5
PRD001,2024-06-25 13:57:36.235270,7,42,385.88
PRD001,2024-06-26 13:57:36.235270,9,23,372.87
PRD001,2024-06-27 13:57:36.235270,11,60,370.53
PRD001,2024-06-28 13:57:36.235270,11,82,384.65
PRD001,2024-06-29 13:57:36.235270,19,44,385.24
PRD001,2024-06-30 13:57:36.235270,18,21,394.05
PRD001,2024-07-01 13:57:36.235270,9,18,425.69
PRD001,2024-07-02 13:57:36.235270,7,72,373.83
PRD001,2024-07-03 13:57:36.235270,9,19,440.79
PRD001,2024-07-04 13:57:36.235270,5,69,443.83
PRD001,2024-07-05 13:57:36.235270,9,58,413.23
PRD001,2024-07-06 13:57:36.235270,12,54,374.4
PRD001,2024-07-07 13:57:36.235270,14,32,430.75
PRD001,2024-07-08 13:57:36.235270,6,28,375.44
PRD001,2024-07-09 13:57:36.235270,11,88,425.8
PRD001,2024-07-10 13:57:36.235270,9,16,418.03
PRD001,2024-07-11 13:57:36.235270,9,36,420.98
PRD001,2024-07-12 13:57:36.235270,8,72,444.96
PRD001,2024-07-13 13:57:36.235270,10,59,401.75
PRD001,2024-07-14 13:57:36.235270,9,81,408.85
PRD001,2024-07-15 13:57:36.235270,6,19,416.74
PRD001,2024-07-16 13:57:36.235270,9,32,397.19
PRD001,2024-07-17 13:57:36.235270,10,62,419.74
PRD001,2024-07-18 13:57:36.235270,8,18,424.57
PRD001,2024-07-19 13:57:36.235270,4,21,439.27
PRD001,2024-07-20 13:57:36.235270,11,72,424.07
PRD001,2024-07-21 13:57:36.235270,12,36,371.4
PRD001,2024-07-22 13:57:36.235270,6,89,418.78
PRD001,2024-07-23 13:57:36.235270,7,13,372.91
PRD001,2024-07-24 13:57:36.235270,6,58,372.59
PRD001,2024-07-25 13:57:36.235270,8,63,428.13
PRD001,2024-07-26 13:57:36.235270,11,26,389.75
PRD001,2024-07-27 13:57:36.235270,15,39,371.73
PRD001,2024-07-28 13:57:36.235270,17,81,399.1
PRD001,2024-07-29 13:57:36.235270,12,74,366.79
PRD001,2024-07-30 13:57:36.235270,9,81,415.19
PRD001,2024-07-31 13:57:36.235270,10,51,389.76
PRD001,2024-08-01 13:57:36.235270,6,84,365.61
PRD001,2024-08-02 13:57:36.235270,7,31,392.95
PRD001,2024-08-03 13:57:36.235270,13,28,415.79
PRD001,2024-08-04 13:57:36.235270,15,10,391.82
PRD001,2024-08-05 13:57:36.235270,7,11,366.91
PRD001,2024-08-06 13:57:36.235270,9,80,374.73
PRD001,2024-08-07 13:57:36.235270,6,40,388.71
PRD001,2024-08-08 13:57:36.235270,5,21,374.94
PRD001,2024-08-09 13:57:36.235270,8,66,424.74
PRD001,2024-08-10 13:57:36.235270,13,14,406.89
PRD001,2024-08-11 13:57:36.235270,13,69,411.3
PRD001,2024-08-12 13:57:36.235270,7,53,374.68
PRD001,2024-08-13 13:57:36.235270,9,19,386.57
PRD001,2024-08-14 13:57:36.235270,9,35,406.19
PRD001,2024-08-15 13:57:36.235270,6,54,382.56
PRD001,2024-08-16 13:57:36.235270,5,45,421.14
PRD001,2024-08-17 13:57:36.235270,11,48,421.71
PRD001,2024-08-18 13:57:36.235270,13,24,371.53
PRD001,2024-08-19 13:57:36.235270,7,74,419.97
PRD001,2024-08-20 13:57:36.235270,9,75,405.64
PRD001,2024-08-21 13:57:36.235270,7,65,388.1
PRD001,2024-08-22 13:57:36.235270,7,87,402.76
PRD001,2024-08-23 13:57:36.235270,10,71,422.38
PRD001,2024-08-24 13:57:36.235270,9,71,373.02
PRD001,2024-08-25 13:57:36.235270,20,66,370.76
PRD001,2024-08-26 13:57:36.235270,10,28,372.78
PRD001,2024-08-27 13:57:36.235270,10,63,400.55
PRD001,2024-08-28 13:57:36.235270,9,23,387.75
PRD001,2024-08-29 13:57:36.235270,9,14,383.26
PRD001,2024-08-30 13:57:36.235270,8,86,432.48
PRD001,2024-08-31 13:57:36.235270,15,28,367.12
PRD001,2024-09-01 13:57:36.235270,9,58,434.85
PRD001,2024-09-02 13:57:36.235270,4,58,411.96
PRD001,2024-09-03 13:57:36.235270,9,60,417.58
PRD001,2024-09-04 13:57:36.235270,7,74,421.54
PRD001,2024-09-05 13:57:36.235270,4,55,435.3
PRD001,2024-09-06 13:57:36.235270,7,62,369.47
PRD001,2024-09-07 13:57:36.235270,14,38,415.18
PRD001,2024-09-08 13:57:36.235270,15,37,394.64
PRD001,2024-09-09 13:57:36.235270,9,31,421.49
PRD001,2024-09-10 13:57:36.235270,9,63,439.91
PRD001,2024-09-11 13:57:36.235270,7,68,413.31
PRD001,2024-09-12 13:57:36.235270,7,86,365.62
PRD001,2024-09-13 13:57:36.235270,9,57,373.76
PRD001,2024-09-14 13:57:36.235270,12,83,430.69
PRD001,2024-09-15 13:57:36.235270,10,18,395.43
PRD001,2024-09-16 13:57:36.235270,7,18,385.31
PRD001,2024-09-17 13:57:36.235270,8,70,394.27
PRD001,2024-09-18 13:57:36.235270,8,49,406.91
PRD001,2024-09-19 13:57:36.235270,9,84,426.47
PRD001,2024-09-20 13:57:36.235270,7,51,385.65
PRD001,2024-09-21 13:57:36.235270,14,36,429.78
PRD001,2024-09-22 13:57:36.235270,11,42,391.99
PRD001,2024-09-23 13:57:36.235270,6,27,401.24
PRD001,2024-09-24 13:57:36.235270,5,19,377.64
PRD001,2024-09-25 13:57:36.235270,10,63,392.79
PRD001,2024-09-26 13:57:36.235270,11,14,402.64
PRD001,2024-09-27 13:57:36.235270,10,71,419.59
PRD001,2024-09-28 13:57:36.235270,15,26,409.63
PRD001,2024-09-29 13:57:36.235270,16,53,405.14
PRD001,2024-09-30 13:57:36.235270,13,18,431.94
PRD001,2024-10-01 13:57:36.235270,6,85,421.01
PRD001,2024-10-02 13:57:36.235270,7,44,392.4
PRD001,2024-10-03 13:57:36.235270,6,24,440.18
PRD001,2024-10-04 13:57:36.235270,9,18,403.18
PRD001,2024-10-05 13:57:36.235270,11,29,443.08
PRD001,2024-10-06 13:57:36.235270,12,52,440.12
PRD001,2024-10-07 13:57:36.235270,9,31,395.01
PRD001,2024-10-08 13:57:36.235270,7,17,380.55
PRD001,2024-10-09 13:57:36.235270,5,58,403.54
PRD001,2024-10-10 13:57:36.235270,4,92,431.49
PRD001,2024-10-11 13:57:36.235270,8,66,444.04
PRD001,2024-10-12 13:57:36.235270,12,32,399.67
PRD001,2024-10-13 13:57:36.235270,12,32,408.5
PRD001,2024-10-14 13:57:36.235270,6,45,413.32
PRD001,2024-10-15 13:57:36.235270,8,42,438.68
PRD001,2024-10-16 13:57:36.235270,7,29,392.39
PRD001,2024-10-17 13:57:36.235270,7,18,425.46
PRD001,2024-10-18 13:57:36.235270,6,20,368.78
PRD001,2024-10-19 13:57:36.235270,10,66,391.43
PRD001,2024-10-20 13:57:36.235270,13,65,399.85
PRD001,2024-10-21 13:57:36.235270,9,46,434.85
PRD001,2024-10-22 13:57:36.235270,9,72,433.18
PRD001,2024-10-23 13:57:36.235270,6,54,430.55
PRD001,2024-10-24 13:57:36.235270,7,13,443.36
PRD001,2024-10-25 13:57:36.235270,11,45,413.2
PRD001,2024-10-26 13:57:36.235270,18,47,407.24
PRD001,2024-10-27 13:57:36.235270,16,82,440.87
PRD001,2024-10-28 13:57:36.235270,6,20,406.88
PRD001,2024-10-29 13:57:36.235270,9,75,418.08
PRD001,2024-10-30 13:57:36.235270,8,32,366.13
PRD001,2024-10-31 13:57:36.235270,13,48,383.89
PRD001,2024-11-01 13:57:36.235270,10,89,419.3
PRD001,2024-11-02 13:57:36.235270,10,68,396.66
PRD001,2024-11-03 13:57:36.235270,11,25,375.13
PRD001,2024-11-04 13:57:36.235270,8,38,386.08
PRD001,2024-11-05 13:57:36.235270,8,66,371.15
PRD001,2024-11-06 13:57:36.235270,8,41,419.37
PRD001,2024-11-07 13:57:36.235270,10,27,427.98
PRD001,2024-11-08 13:57:36.235270,6,61,407.35
PRD001,2024-11-09 13:57:36.235270,15,12,407.46
PRD001,2024-11-10 13:57:36.235270,14,67,377.05
PRD001,2024-11-11 13:57:36.235270,7,89,413.59
PRD001,2024-11-12 13:57:36.235270,8,60,418.97
PRD001,2024-11-13 13:57:36.235270,7,50,400.97
PRD001,2024-11-14 13:57:36.235270,8,17,374.29
PRD001,2024-11-15 13:57:36.235270,8,69,426.42
PRD001,2024-11-16 13:57:36.235270,10,65,393.47
PRD001,2024-11-17 13:57:36.235270,12,62,441.05
PRD001,2024-11-18 13:57:36.235270,6,23,376.89
PRD001,2024-11-19 13:57:36.235270,6,44,427.65
PRD001,2024-11-20 13:57:36.235270,5,75,438.7
PRD001,2024-11-21 13:57:36.235270,7,27,415.9
PRD001,2024-11-22 13:57:36.235270,4,16,417.23
PRD001,2024-11-23 13:57:36.235270,15,83,405.36
PRD001,2024-11-24 13:57:36.235270,12,12,415.95
PRD001,2024-11-25 13:57:36.235270,12,24,409.89
PRD001,2024-11-26 13:57:36.235270,10,14,417.46
PRD001,2024-11-27 13:57:36.235270,6,61,370.75
PRD001,2024-11-28 13:57:36.235270,8,64,385.52
PRD001,2024-11-29 13:57:36.235270,8,21,416.48
PRD001,2024-11-30 13:57:36.235270,13,12,376.68
PRD001,2024-12-01 13:57:36.235270,13,19,407.47
PRD001,2024-12-02 13:57:36.235270,6,81,415.86
PRD001,2024-12-03 13:57:36.235270,7,38,413.68
PRD001,2024-12-04 13:57:36.235270,9,25,402.39
PRD001,2024-12-05 13:57:36.235270,7,77,437.33
PRD001,2024-12-06 13:57:36.235270,7,30,443.51
PRD001,2024-12-07 13:57:36.235270,14,18,402.11
PRD001,2024-12-08 13:57:36.235270,11,54,372.93
PRD001,2024-12-09 13:57:36.235270,7,65,381.88
PRD001,2024-12-10 13:57:36.235270,9,58,376.07
PRD001,2024-12-11 13:57:36.235270,8,21,379.08
PRD001,2024-12-12 13:57:36.235270,9,20,393.81
PRD001,2024-12-13 13:57:36.235270,7,57,427.14
PRD001,2024-12-14 13:57:36.235270,14,25,374.97
PRD001,2024-12-15 13:57:36.235270,7,14,384.65
PRD001,2024-12-16 13:57:36.235270,5,30,444.12
PRD001,2024-12-17 13:57:36.235270,11,17,377.57
PRD001,2024-12-18 13:57:36.235270,4,92,401.73
PRD001,2024-12-19 13:57:36.235270,8,31,384.61
PRD001,2024-12-20 13:57:36.235270,8,13,407.55
PRD001,2024-12-21 13:57:36.235270,12,73,434.51
PRD001,2024-12-22 13:57:36.235270,10,71,441.07
PRD001,2024-12-23 13:57:36.235270,5,31,380.32
PRD001,2024-12-24 13:57:36.235270,8,81,407.32
PRD001,2024-12-25 13:57:36.235270,13,19,399.71
PRD001,2024-12-26 13:57:36.235270,6,36,397.04
PRD001,2024-12-27 13:57:36.235270,9,13,408.94
PRD001,2024-12-28 13:57:36.235270,18,17,376.69
PRD001,2024-12-29 13:57:36.235270,14,26,413.51
PRD001,2024-12-30 13:57:36.235270,12,14,399.2
PRD001,2024-12-31 13:57:36.235270,11,83,368.17
PRD001,2025-01-01 13:57:36.235270,10,68,438.29
PRD001,2025-01-02 13:57:36.235270,10,15,379.43
PRD001,2025-01-03 13:57:36.235270,8,34,404.07
PRD001,2025-01-04 13:57:36.235270,16,53,368.44
PRD001,2025-01-05 13:57:36.235270,12,9,405.2
PRD001,2025-01-06 13:57:36.235270,5,85,391.12
PRD001,2025-01-07 13:57:36.235270,8,43,376.34
PRD001,2025-01-08 13:57:36.235270,9,43,418.15
PRD001,2025-01-09 13:57:36.235270,5,73,376.77
PRD001,2025-01-10 13:57:36.235270,6,52,372.78
PRD001,2025-01-11 13:57:36.235270,13,13,400.84
PRD001,2025-01-12 13:57:36.235270,11,24,431.85
PRD001,2025-01-13 13:57:36.235270,9,37,423.92
PRD001,2025-01-14 13:57:36.235270,9,54,407.27
PRD001,2025-01-15 13:57:36.235270,11,12,424.43
PRD001,2025-01-16 13:57:36.235270,9,42,441.2
PRD001,2025-01-17 13:57:36.235270,6,58,389.9
PRD001,2025-01-18 13:57:36.235270,10,81,369.53
PRD001,2025-01-19 13:57:36.235270,10,33,377.0
PRD001,2025-01-20 13:57:36.235270,10,16,389.0
PRD001,2025-01-21 13:57:36.235270,8,71,415.92
PRD001,2025-01-22 13:57:36.235270,11,26,401.18
PRD001,2025-01-23 13:57:36.235270,10,36,373.75
PRD001,2025-01-24 13:57:36.235270,7,25,430.41
PRD001,2025-01-25 13:57:36.235270,12,24,442.39
PRD001,2025-01-26 13:57:36.235270,14,53,379.25
PRD001,2025-01-27 13:57:36.235270,10,42,396.71
PRD001,2025-01-28 13:57:36.235270,11,81,393.78
PRD001,2025-01-29 13:57:36.235270,9,38,393.81
PRD001,2025-01-30 13:57:36.235270,9,21,406.98
PRD001,2025-01-31 13:57:36.235270,11,39,395.13
PRD001,2025-02-01 13:57:36.235270,12,8,373.43
PRD001,2025-02-02 13:57:36.235270,11,82,387.19
PRD001,2025-02-03 13:57:36.235270,11,83,434.01
PRD001,2025-02-04 13:57:36.235270,10,21,429.25
PRD001,2025-02-05 13:57:36.235270,6,12,395.95
PRD001,2025-02-06 13:57:36.235270,8,82,371.95
PRD001,2025-02-07 13:57:36.235270,6,33,394.65
PRD001,2025-02-08 13:57:36.235270,9,44,442.54
PRD001,2025-02-09 13:57:36.235270,11,69,442.4
PRD001,2025-02-10 13:57:36.235270,6,83,408.17
PRD001,2025-02-11 13:57:36.235270,8,81,404.38
PRD001,2025-02-12 13:57:36.235270,7,38,373.81
PRD001,2025-02-13 13:57:36.235270,10,87,407.7
PRD001,2025-02-14 13:57:36.235270,8,54,433.99
PRD001,2025-02-15 13:57:36.235270,9,59,387.86
PRD001,2025-02-16 13:57:36.235270,12,13,405.79
PRD001,2025-02-17 13:57:36.235270,6,14,388.46
PRD001,2025-02-18 13:57:36.235270,8,52,408.7
PRD001,2025-02-19 13:57:36.235270,8,15,414.59
PRD001,2025-02-20 13:57:36.235270,5,88,375.07
PRD001,2025-02-21 13:57:36.235270,7,25,421.17
PRD001,2025-02-22 13:57:36.235270,9,27,415.2
PRD001,2025-02-23 13:57:36.235270,10,51,441.67
PRD001,2025-02-24 13:57:36.235270,10,43,405.65
PRD001,2025-02-25 13:57:36.235270,13,32,437.66
PRD001,2025-02-26 13:57:36.235270,12,83,438.86
PRD001,2025-02-27 13:57:36.235270,8,32,406.91
PRD001,2025-02-28 13:57:36.235270,14,36,440.96
PRD001,2025-03-01 13:57:36.235270,10,51,426.69
PRD001,2025-03-02 13:57:36.235270,10,59,394.49
PRD001,2025-03-03 13:57:36.235270,9,25,437.01
PRD001,2025-03-04 13:57:36.235270,11,73,424.54
PRD001,2025-03-05 13:57:36.235270,8,28,444.86
PRD001,2025-03-06 13:57:36.235270,5,69,396.61
PRD001,2025-03-07 13:57:36.235270,9,16,436.26
PRD001,2025-03-08 13:57:36.235270,9,43,445.53
PRD001,2025-03-09 13:57:36.235270,12,63,379.54
PRD001,2025-03-10 13:57:36.235270,8,74,371.87
PRD001,2025-03-11 13:57:36.235270,7,40,428.11
PRD001,2025-03-12 13:57:36.235270,9,74,410.34
PRD001,2025-03-13 13:57:36.235270,7,31,367.3
PRD001,2025-03-14 13:57:36.235270,7,17,423.21
PRD001,2025-03-15 13:57:36.235270,13,53,367.2
PRD001,2025-03-16 13:57:36.235270,9,66,437.67
PRD001,2025-03-17 13:57:36.235270,10,11,387.19
PRD001,2025-03-18 13:57:36.235270,8,25,388.24
PRD001,2025-03-19 13:57:36.235270,5,51,370.31
PRD001,2025-03-20 13:57:36.235270,6,57,401.12
PRD001,2025-03-21 13:57:36.235270,4,63,435.89
PRD001,2025-03-22 13:57:36.235270,10,17,405.99
PRD001,2025-03-23 13:57:36.235270,13,43,423.5
PRD001,2025-03-24 13:57:36.235270,8,28,380.45
PRD001,2025-03-25 13:57:36.235270,10,46,440.0
PRD001,2025-03-26 13:57:36.235270,9,39,444.13
PRD001,2025-03-27 13:57:36.235270,8,38,433.37
PRD001,2025-03-28 13:57:36.235270,12,26,434.6
PRD001,2025-03-29 13:57:36.235270,12,68,387.93
PRD001,2025-03-30 13:57:36.235270,16,13,377.7
PRD001,2025-03-31 13:57:36.235270,9,63,388.39
PRD001,2025-04-01 13:57:36.235270,9,24,385.76
PRD001,2025-04-02 13:57:36.235270,10,44,372.22
PRD001,2025-04-03 13:57:36.235270,9,39,428.34
PRD001,2025-04-04 13:57:36.235270,9,25,444.05
PRD001,2025-04-05 13:57:36.235270,12,87,387.39
PRD001,2025-04-06 13:57:36.235270,13,8,438.0
PRD001,2025-04-07 13:57:36.235270,8,53,444.68
PRD001,2025-04-08 13:57:36.235270,7,32,417.59
PRD001,2025-04-09 13:57:36.235270,7,8,371.28
PRD001,2025-04-10 13:57:36.235270,8,59,367.52
PRD001,2025-04-11 13:57:36.235270,4,81,418.73
PRD001,2025-04-12 13:57:36.235270,10,74,368.1
PRD001,2025-04-13 13:57:36.235270,9,56,386.61
PRD001,2025-04-14 13:57:36.235270,9,78,408.06
PRD001,2025-04-15 13:57:36.235270,7,13,417.4
PRD001,2025-04-16 13:57:36.235270,5,94,429.91
PRD001,2025-04-17 13:57:36.235270,6,22,371.51
PRD001,2025-04-18 13:57:36.235270,8,29,366.55
PRD001,2025-04-19 13:57:36.235270,8,41,395.76
PRD001,2025-04-20 13:57:36.235270,14,75,408.01
PRD001,2025-04-21 13:57:36.235270,5,17,372.16
PRD001,2025-04-22 13:57:36.235270,5,49,369.19
PRD001,2025-04-23 13:57:36.235270,9,28,422.99
PRD001,2025-04-24 13:57:36.235270,5,77,390.55
PRD001,2025-04-25 13:57:36.235270,6,22,409.96
PRD001,2025-04-26 13:57:36.235270,15,10,379.87
PRD001,2025-04-27 13:57:36.235270,14,19,379.09
PRD001,2025-04-28 13:57:36.235270,8,16,416.37
PRD001,2025-04-29 13:57:36.235270,9,67,381.06
PRD001,2025-04-30 13:57:36.235270,10,87,403.96
PRD001,2025-05-01 13:57:36.235270,9,55,368.92
PRD001,2025-05-02 13:57:36.235270,7,32,411.56
PRD001,2025-05-03 13:57:36.235270,9,41,379.9
PRD001,2025-05-04 13:57:36.235270,9,33,379.47
PRD001,2025-05-05 13:57:36.235270,6,56,436.98
PRD001,2025-05-06 13:57:36.235270,8,55,392.36
PRD001,2025-05-07 13:57:36.235270,6,68,415.04
PRD001,2025-05-08 13:57:36.235270,8,28,422.09
PRD001,2025-05-09 13:57:36.235270,6,43,381.07
PRD001,2025-05-10 13:57:36.235270,12,32,408.76
PRD001,2025-05-11 13:57:36.235270,14,51,396.95
PRD001,2025-05-12 13:57:36.235270,7,29,444.58
PRD001,2025-05-13 13:57:36.235270,9,19,439.88
PRD001,2025-05-14 13:57:36.235270,5,45,441.26
PRD001,2025-05-15 13:57:36.235270,6,43,405.73
PRD001,2025-05-16 13:57:36.235270,8,63,409.92
PRD001,2025-05-17 13:57:36.235270,10,14,441.44
PRD001,2025-05-18 13:57:36.235270,10,40,387.04
PRD001,2025-05-19 13:57:36.235270,9,23,420.22
PRD001,2025-05-20 13:57:36.235270,10,10,421.21
PRD001,2025-05-21 13:57:36.235270,9,41,437.38
PRD001,2025-05-22 13:57:36.235270,8,77,370.95
PRD002,2024-05-22 13:57:36.235270,3,21,819.39
PRD002,2024-05-23 13:57:36.235270,1,54,830.12
PRD002,2024-05-24 13:57:36.235270,5,44,900.09
PRD002,2024-05-25 13:57:36.235270,8,46,872.76
PRD002,2024-05-26 13:57:36.235270,7,36,809.04
PRD002,2024-05-27 13:57:36.235270,2,49,915.28
PRD002,2024-05-28 13:57:36.235270,5,76,902.51
PRD002,2024-05-29 13:57:36.235270,4,49,919.66
PRD002,2024-05-30 13:57:36.235270,2,96,792.51
PRD002,2024-05-31 13:57:36.235270,3,40,898.09
PRD002,2024-06-01 13:57:36.235270,2,42,903.16
PRD002,2024-06-02 13:57:36.235270,2,41,845.15
PRD002,2024-06-03 13:57:36.235270,1,99,861.34
PRD002,2024-06-04 13:57:36.235270,3,44,889.33
PRD002,2024-06-05 13:57:36.235270,3,23,916.89
PRD002,2024-06-06 13:57:36.235270,3,48,830.61
PRD002,2024-06-07 13:57:36.235270,4,19,878.82
PRD002,2024-06-08 13:57:36.235270,2,80,809.0
PRD002,2024-06-09 13:57:36.235270,7,43,857.89
PRD002,2024-06-10 13:57:36.235270,4,76,760.99
PRD002,2024-06-11 13:57:36.235270,1,46,804.57
PRD002,2024-06-12 13:57:36.235270,1,59,910.33
PRD002,2024-06-13 13:57:36.235270,0,63,806.7
PRD002,2024-06-14 13:57:36.235270,5,50,828.11
PRD002,2024-06-15 13:57:36.235270,5,16,924.01
PRD002,2024-06-16 13:57:36.235270,2,49,855.89
PRD002,2024-06-17 13:57:36.235270,4,87,767.29
PRD002,2024-06-18 13:57:36.235270,4,40,770.59
PRD002,2024-06-19 13:57:36.235270,5,73,795.89
PRD002,2024-06-20 13:57:36.235270,1,94,766.34
PRD002,2024-06-21 13:57:36.235270,2,21,781.33
PRD002,2024-06-22 13:57:36.235270,6,69,874.17
PRD002,2024-06-23 13:57:36.235270,2,22,918.65
PRD002,2024-06-24 13:57:36.235270,5,25,852.09
PRD002,2024-06-25 13:57:36.235270,6,83,901.54
PRD002,2024-06-26 13:57:36.235270,3,46,882.99
PRD002,2024-06-27 13:57:36.235270,1,39,776.63
PRD002,2024-06-28 13:57:36.235270,5,22,764.15
PRD002,2024-06-29 13:57:36.235270,7,56,886.4
PRD002,2024-06-30 13:57:36.235270,5,33,880.08
PRD002,2024-07-01 13:57:36.235270,0,43,860.29
PRD002,2024-07-02 13:57:36.235270,4,81,772.65
PRD002,2024-07-03 13:57:36.235270,4,21,873.78
PRD002,2024-07-04 13:57:36.235270,3,51,885.31
PRD002,2024-07-05 13:57:36.235270,1,79,888.46
PRD002,2024-07-06 13:57:36.235270,4,22,837.83
PRD002,2024-07-07 13:57:36.235270,6,38,852.56
PRD002,2024-07-08 13:57:36.235270,2,31,789.46
PRD002,2024-07-09 13:57:36.235270,0,90,904.76
PRD002,2024-07-10 13:57:36.235270,3,43,844.93
PRD002,2024-07-11 13:57:36.235270,1,73,804.6
PRD002,2024-07-12 13:57:36.235270,1,55,878.64
PRD002,2024-07-13 13:57:36.235270,6,82,786.71
PRD002,2024-07-14 13:57:36.235270,3,68,829.08
PRD002,2024-07-15 13:57:36.235270,5,24,846.09
PRD002,2024-07-16 13:57:36.235270,2,85,790.7
PRD002,2024-07-17 13:57:36.235270,1,21,887.56
PRD002,2024-07-18 13:57:36.235270,2,67,916.15
PRD002,2024-07-19 13:57:36.235270,2,40,880.75
PRD002,2024-07-20 13:57:36.235270,5,59,857.96
PRD002,2024-07-21 13:57:36.235270,6,77,758.1
PRD002,2024-07-22 13:57:36.235270,1,61,796.55
PRD002,2024-07-23 13:57:36.235270,4,61,898.48
PRD002,2024-07-24 13:57:36.235270,4,22,882.54
PRD002,2024-07-25 13:57:36.235270,5,81,822.35
PRD002,2024-07-26 13:57:36.235270,4,53,867.69
PRD002,2024-07-27 13:57:36.235270,6,54,845.34
PRD002,2024-07-28 13:57:36.235270,6,21,813.87
PRD002,2024-07-29 13:57:36.235270,3,25,781.0
PRD002,2024-07-30 13:57:36.235270,2,33,884.35
PRD002,2024-07-31 13:57:36.235270,2,35,781.79
PRD002,2024-08-01 13:57:36.235270,3,23,830.8
PRD002,2024-08-02 13:57:36.235270,0,90,893.96
PRD002,2024-08-03 13:57:36.235270,2,82,854.24
PRD002,2024-08-04 13:57:36.235270,2,78,872.28
PRD002,2024-08-05 13:57:36.235270,4,73,807.1
PRD002,2024-08-06 13:57:36.235270,2,36,841.79
PRD002,2024-08-07 13:57:36.235270,3,23,783.4
PRD002,2024-08-08 13:57:36.235270,5,66,909.21
PRD002,2024-08-09 13:57:36.235270,3,85,806.89
PRD002,2024-08-10 13:57:36.235270,3,92,773.32
PRD002,2024-08-11 13:57:36.235270,4,76,773.51
PRD002,2024-08-12 13:57:36.235270,0,79,833.79
PRD002,2024-08-13 13:57:36.235270,2,19,905.49
PRD002,2024-08-14 13:57:36.235270,2,27,823.97
PRD002,2024-08-15 13:57:36.235270,1,42,848.69
PRD002,2024-08-16 13:57:36.235270,3,64,922.66
PRD002,2024-08-17 13:57:36.235270,5,23,846.01
PRD002,2024-08-18 13:57:36.235270,3,53,922.68
PRD002,2024-08-19 13:57:36.235270,3,67,858.68
PRD002,2024-08-20 13:57:36.235270,0,95,774.79
PRD002,2024-08-21 13:57:36.235270,1,59,814.72
PRD002,2024-08-22 13:57:36.235270,3,60,885.75
PRD002,2024-08-23 13:57:36.235270,0,33,806.8
PRD002,2024-08-24 13:57:36.235270,3,58,878.03
PRD002,2024-08-25 13:57:36.235270,5,62,922.59
PRD002,2024-08-26 13:57:36.235270,5,34,895.76
PRD002,2024-08-27 13:57:36.235270,2,84,768.99
PRD002,2024-08-28 13:57:36.235270,4,91,885.47
PRD002,2024-08-29 13:57:36.235270,3,65,836.96
PRD002,2024-08-30 13:57:36.235270,3,29,794.39
PRD002,2024-08-31 13:57:36.235270,4,34,773.1
PRD002,2024-09-01 13:57:36.235270,3,26,873.67
PRD002,2024-09-02 13:57:36.235270,5,20,888.31
PRD002,2024-09-03 13:57:36.235270,0,25,909.28
PRD002,2024-09-04 13:57:36.235270,4,49,860.81
PRD002,2024-09-05 13:57:36.235270,2,20,895.8
PRD002,2024-09-06 13:57:36.235270,2,28,884.84
PRD002,2024-09-07 13:57:36.235270,5,94,898.88
PRD002,2024-09-08 13:57:36.235270,3,30,805.56
PRD002,2024-09-09 13:57:36.235270,3,68,905.44
PRD002,2024-09-10 13:57:36.235270,4,79,867.1
PRD002,2024-09-11 13:57:36.235270,3,27,867.12
PRD002,2024-09-12 13:57:36.235270,1,86,865.44
PRD002,2024-09-13 13:57:36.235270,1,58,858.73
PRD002,2024-09-14 13:57:36.235270,3,23,791.95
PRD002,2024-09-15 13:57:36.235270,5,73,854.73
PRD002,2024-09-16 13:57:36.235270,1,72,912.99
PRD002,2024-09-17 13:57:36.235270,4,61,832.59
PRD002,2024-09-18 13:57:36.235270,4,88,849.97
PRD002,2024-09-19 13:57:36.235270,0,57,910.48
PRD002,2024-09-20 13:57:36.235270,3,53,799.28
PRD002,2024-09-21 13:57:36.235270,4,29,852.83
PRD002,2024-09-22 13:57:36.235270,6,88,836.71
PRD002,2024-09-23 13:57:36.235270,5,45,904.4
PRD002,2024-09-24 13:57:36.235270,3,87,884.78
PRD002,2024-09-25 13:57:36.235270,4,21,834.88
PRD002,2024-09-26 13:57:36.235270,2,17,826.01
PRD002,2024-09-27 13:57:36.235270,3,89,790.66
PRD002,2024-09-28 13:57:36.235270,4,83,784.88
PRD002,2024-09-29 13:57:36.235270,6,49,836.64
PRD002,2024-09-30 13:57:36.235270,1,56,833.14
PRD002,2024-10-01 13:57:36.235270,2,82,808.53
PRD002,2024-10-02 13:57:36.235270,1,60,866.48
PRD002,2024-10-03 13:57:36.235270,3,29,848.17
PRD002,2024-10-04 13:57:36.235270,3,86,769.11
PRD002,2024-10-05 13:57:36.235270,6,26,907.31
PRD002,2024-10-06 13:57:36.235270,6,92,910.25
PRD002,2024-10-07 13:57:36.235270,2,84,866.23
PRD002,2024-10-08 13:57:36.235270,1,49,806.73
PRD002,2024-10-09 13:57:36.235270,5,24,830.49
PRD002,2024-10-10 13:57:36.235270,4,88,918.13
PRD002,2024-10-11 13:57:36.235270,0,51,758.17
PRD002,2024-10-12 13:57:36.235270,2,17,836.24
PRD002,2024-10-13 13:57:36.235270,5,51,878.6
PRD002,2024-10-14 13:57:36.235270,1,38,893.76
PRD002,2024-10-15 13:57:36.235270,1,26,798.38
PRD002,2024-10-16 13:57:36.235270,4,28,912.52
PRD002,2024-10-17 13:57:36.235270,1,19,912.65
PRD002,2024-10-18 13:57:36.235270,2,30,786.08
PRD002,2024-10-19 13:57:36.235270,6,15,852.02
PRD002,2024-10-20 13:57:36.235270,5,29,852.75
PRD002,2024-10-21 13:57:36.235270,3,38,855.43
PRD002,2024-10-22 13:57:36.235270,5,16,896.84
PRD002,2024-10-23 13:57:36.235270,0,75,837.74
PRD002,2024-10-24 13:57:36.235270,3,42,839.66
PRD002,2024-10-25 13:57:36.235270,2,47,808.65
PRD002,2024-10-26 13:57:36.235270,5,62,873.61
PRD002,2024-10-27 13:57:36.235270,6,12,845.56
PRD002,2024-10-28 13:57:36.235270,3,25,882.61
PRD002,2024-10-29 13:57:36.235270,2,52,878.64
PRD002,2024-10-30 13:57:36.235270,1,15,769.16
PRD002,2024-10-31 13:57:36.235270,5,38,795.4
PRD002,2024-11-01 13:57:36.235270,1,27,806.33
PRD002,2024-11-02 13:57:36.235270,6,19,757.57
PRD002,2024-11-03 13:57:36.235270,5,49,876.66
PRD002,2024-11-04 13:57:36.235270,5,93,810.14
PRD002,2024-11-05 13:57:36.235270,1,89,913.58
PRD002,2024-11-06 13:57:36.235270,0,30,851.31
PRD002,2024-11-07 13:57:36.235270,0,24,909.79
PRD002,2024-11-08 13:57:36.235270,4,33,866.69
PRD002,2024-11-09 13:57:36.235270,5,63,846.23
PRD002,2024-11-10 13:57:36.235270,7,68,830.85
PRD002,2024-11-11 13:57:36.235270,2,35,913.58
PRD002,2024-11-12 13:57:36.235270,2,37,770.07
PRD002,2024-11-13 13:57:36.235270,4,28,815.09
PRD002,2024-11-14 13:57:36.235270,2,59,819.41
PRD002,2024-11-15 13:57:36.235270,3,23,837.75
PRD002,2024-11-16 13:57:36.235270,2,24,883.27
PRD002,2024-11-17 13:57:36.235270,4,88,885.57
PRD002,2024-11-18 13:57:36.235270,1,74,803.1
PRD002,2024-11-19 13:57:36.235270,3,82,911.38
PRD002,2024-11-20 13:57:36.235270,2,19,881.09
PRD002,2024-11-21 13:57:36.235270,0,22,862.24
PRD002,2024-11-22 13:57:36.235270,1,89,768.42
PRD002,2024-11-23 13:57:36.235270,2,47,843.46
PRD002,2024-11-24 13:57:36.235270,6,21,785.73
PRD002,2024-11-25 13:57:36.235270,5,57,798.75
PRD002,2024-11-26 13:57:36.235270,3,66,880.21
PRD002,2024-11-27 13:57:36.235270,4,31,896.8
PRD002,2024-11-28 13:57:36.235270,2,49,801.58
PRD002,2024-11-29 13:57:36.235270,2,78,791.17
PRD002,2024-11-30 13:57:36.235270,4,76,853.98
PRD002,2024-12-01 13:57:36.235270,2,95,820.4
PRD002,2024-12-02 13:57:36.235270,3,25,808.43
PRD002,2024-12-03 13:57:36.235270,4,77,862.59
PRD002,2024-12-04 13:57:36.235270,4,51,812.45
PRD002,2024-12-05 13:57:36.235270,3,25,786.04
PRD002,2024-12-06 13:57:36.235270,2,64,835.62
PRD002,2024-12-07 13:57:36.235270,6,85,783.99
PRD002,2024-12-08 13:57:36.235270,3,48,907.98
PRD002,2024-12-09 13:57:36.235270,2,33,889.08
PRD002,2024-12-10 13:57:36.235270,4,95,844.57
PRD002,2024-12-11 13:57:36.235270,2,75,837.94
PRD002,2024-12-12 13:57:36.235270,2,30,792.51
PRD002,2024-12-13 13:57:36.235270,5,68,864.98
PRD002,2024-12-14 13:57:36.235270,6,38,872.56
PRD002,2024-12-15 13:57:36.235270,4,66,763.31
PRD002,2024-12-16 13:57:36.235270,0,87,848.42
PRD002,2024-12-17 13:57:36.235270,1,90,859.35
PRD002,2024-12-18 13:57:36.235270,1,19,825.55
PRD002,2024-12-19 13:57:36.235270,5,27,897.47
PRD002,2024-12-20 13:57:36.235270,3,52,831.89
PRD002,2024-12-21 13:57:36.235270,7,17,841.33
PRD002,2024-12-22 13:57:36.235270,4,58,820.44
PRD002,2024-12-23 13:57:36.235270,4,48,873.92
PRD002,2024-12-24 13:57:36.235270,2,59,796.63
PRD002,2024-12-25 13:57:36.235270,5,44,854.69
PRD002,2024-12-26 13:57:36.235270,5,46,827.41
PRD002,2024-12-27 13:57:36.235270,2,23,921.57
PRD002,2024-12-28 13:57:36.235270,4,34,796.52
PRD002,2024-12-29 13:57:36.235270,3,40,911.98
PRD002,2024-12-30 13:57:36.235270,3,53,846.95
PRD002,2024-12-31 13:57:36.235270,5,39,919.92
PRD002,2025-01-01 13:57:36.235270,1,69,889.57
PRD002,2025-01-02 13:57:36.235270,4,12,799.28
PRD002,2025-01-03 13:57:36.235270,3,23,889.95
PRD002,2025-01-04 13:57:36.235270,2,38,778.18
PRD002,2025-01-05 13:57:36.235270,4,84,895.91
PRD002,2025-01-06 13:57:36.235270,1,25,912.13
PRD002,2025-01-07 13:57:36.235270,2,90,866.53
PRD002,2025-01-08 13:57:36.235270,2,27,843.92
PRD002,2025-01-09 13:57:36.235270,3,17,920.62
PRD002,2025-01-10 13:57:36.235270,1,62,871.21
PRD002,2025-01-11 13:57:36.235270,6,21,923.14
PRD002,2025-01-12 13:57:36.235270,2,23,900.74
PRD002,2025-01-13 13:57:36.235270,1,78,883.78
PRD002,2025-01-14 13:57:36.235270,2,73,867.23
PRD002,2025-01-15 13:57:36.235270,4,85,786.16
PRD002,2025-01-16 13:57:36.235270,3,28,906.17
PRD002,2025-01-17 13:57:36.235270,3,48,866.37
PRD002,2025-01-18 13:57:36.235270,6,50,801.81
PRD002,2025-01-19 13:57:36.235270,3,67,776.29
PRD002,2025-01-20 13:57:36.235270,1,95,775.59
PRD002,2025-01-21 13:57:36.235270,3,38,859.4
PRD002,2025-01-22 13:57:36.235270,1,96,809.2
PRD002,2025-01-23 13:57:36.235270,3,57,796.17
PRD002,2025-01-24 13:57:36.235270,4,77,901.18
PRD002,2025-01-25 13:57:36.235270,6,52,814.74
PRD002,2025-01-26 13:57:36.235270,6,14,822.76
PRD002,2025-01-27 13:57:36.235270,1,22,815.98
PRD002,2025-01-28 13:57:36.235270,3,44,902.16
PRD002,2025-01-29 13:57:36.235270,6,25,922.92
PRD002,2025-01-30 13:57:36.235270,5,16,831.97
PRD002,2025-01-31 13:57:36.235270,3,19,779.59
PRD002,2025-02-01 13:57:36.235270,4,89,920.99
PRD002,2025-02-02 13:57:36.235270,4,94,777.88
PRD002,2025-02-03 13:57:36.235270,1,32,812.11
PRD002,2025-02-04 13:57:36.235270,5,93,854.37
PRD002,2025-02-05 13:57:36.235270,2,78,902.55
PRD002,2025-02-06 13:57:36.235270,2,74,892.04
PRD002,2025-02-07 13:57:36.235270,4,80,870.06
PRD002,2025-02-08 13:57:36.235270,3,32,832.85
PRD002,2025-02-09 13:57:36.235270,4,16,877.14
PRD002,2025-02-10 13:57:36.235270,0,20,895.75
PRD002,2025-02-11 13:57:36.235270,1,26,899.41
PRD002,2025-02-12 13:57:36.235270,4,22,812.25
PRD002,2025-02-13 13:57:36.235270,1,54,875.32
PRD002,2025-02-14 13:57:36.235270,1,46,808.11
PRD002,2025-02-15 13:57:36.235270,2,80,834.24
PRD002,2025-02-16 13:57:36.235270,2,57,776.82
PRD002,2025-02-17 13:57:36.235270,3,22,815.2
PRD002,2025-02-18 13:57:36.235270,4,79,833.02
PRD002,2025-02-19 13:57:36.235270,0,93,905.45
PRD002,2025-02-20 13:57:36.235270,2,54,829.19
PRD002,2025-02-21 13:57:36.235270,3,22,829.74
PRD002,2025-02-22 13:57:36.235270,4,23,771.01
PRD002,2025-02-23 13:57:36.235270,6,91,910.85
PRD002,2025-02-24 13:57:36.235270,4,87,785.15
PRD002,2025-02-25 13:57:36.235270,3,28,778.73
PRD002,2025-02-26 13:57:36.235270,5,94,838.66
PRD002,2025-02-27 13:57:36.235270,6,36,880.39
PRD002,2025-02-28 13:57:36.235270,6,38,886.72
PRD002,2025-03-01 13:57:36.235270,6,37,814.66
PRD002,2025-03-02 13:57:36.235270,2,56,819.12
PRD002,2025-03-03 13:57:36.235270,5,57,921.09
PRD002,2025-03-04 13:57:36.235270,2,23,781.43
PRD002,2025-03-05 13:57:36.235270,5,20,912.04
PRD002,2025-03-06 13:57:36.235270,2,66,817.59
PRD002,2025-03-07 13:57:36.235270,2,18,850.25
PRD002,2025-03-08 13:57:36.235270,3,21,809.13
PRD002,2025-03-09 13:57:36.235270,6,59,819.98
PRD002,2025-03-10 13:57:36.235270,3,46,872.17
PRD002,2025-03-11 13:57:36.235270,4,23,837.59
PRD002,2025-03-12 13:57:36.235270,0,49,910.2
PRD002,2025-03-13 13:57:36.235270,4,16,920.28
PRD002,2025-03-14 13:57:36.235270,1,79,814.24
PRD002,2025-03-15 13:57:36.235270,5,80,779.42
PRD002,2025-03-16 13:57:36.235270,5,34,884.63
PRD002,2025-03-17 13:57:36.235270,0,23,773.42
PRD002,2025-03-18 13:57:36.235270,5,15,893.41
PRD002,2025-03-19 13:57:36.235270,0,82,816.81
PRD002,2025-03-20 13:57:36.235270,1,58,914.91
PRD002,2025-03-21 13:57:36.235270,1,23,833.15
PRD002,2025-03-22 13:57:36.235270,4,70,842.88
PRD002,2025-03-23 13:57:36.235270,4,68,859.97
PRD002,2025-03-24 13:57:36.235270,3,31,778.5
PRD002,2025-03-25 13:57:36.235270,2,53,908.45
PRD002,2025-03-26 13:57:36.235270,6,13,766.66
PRD002,2025-03-27 13:57:36.235270,6,13,841.73
PRD002,2025-03-28 13:57:36.235270,5,25,788.4
PRD002,2025-03-29 13:57:36.235270,3,34,789.45
PRD002,2025-03-30 13:57:36.235270,3,92,881.9
PRD002,2025-03-31 13:57:36.235270,3,33,897.08
PRD002,2025-04-01 13:57:36.235270,3,21,826.87
PRD002,2025-04-02 13:57:36.235270,5,80,802.3
PRD002,2025-04-03 13:57:36.235270,3,50,919.05
PRD002,2025-04-04 13:57:36.235270,0,87,892.34
PRD002,2025-04-05 13:57:36.235270,5,78,763.23
PRD002,2025-04-06 13:57:36.235270,3,87,772.93
PRD002,2025-04-07 13:57:36.235270,3,26,907.36
PRD002,2025-04-08 13:57:36.235270,4,63,830.91
PRD002,2025-04-09 13:57:36.235270,3,15,829.01
PRD002,2025-04-10 13:57:36.235270,4,16,830.85
PRD002,2025-04-11 13:57:36.235270,1,25,897.95
PRD002,2025-04-12 13:57:36.235270,5,36,811.4
PRD002,2025-04-13 13:57:36.235270,6,28,824.82
PRD002,2025-04-14 13:57:36.235270,1,92,919.65
PRD002,2025-04-15 13:57:36.235270,0,26,831.97
PRD002,2025-04-16 13:57:36.235270,2,69,809.75
PRD002,2025-04-17 13:57:36.235270,3,40,761.51
PRD002,2025-04-18 13:57:36.235270,3,52,875.77
PRD002,2025-04-19 13:57:36.235270,7,13,877.03
PRD002,2025-04-20 13:57:36.235270,7,54,879.78
PRD002,2025-04-21 13:57:36.235270,4,65,803.79
PRD002,2025-04-22 13:57:36.235270,4,72,846.42
PRD002,2025-04-23 13:57:36.235270,0,90,869.21
PRD002,2025-04-24 13:57:36.235270,4,18,913.85
PRD002,2025-04-25 13:57:36.235270,2,89,822.82
PRD002,2025-04-26 13:57:36.235270,3,29,811.12
PRD002,2025-04-27 13:57:36.235270,7,25,800.19
PRD002,2025-04-28 13:57:36.235270,2,45,855.78
PRD002,2025-04-29 13:57:36.235270,3,69,893.78
PRD002,2025-04-30 13:57:36.235270,5,21,827.88
PRD002,2025-05-01 13:57:36.235270,4,14,769.26
PRD002,2025-05-02 13:57:36.235270,2,50,827.94
PRD002,2025-05-03 13:57:36.235270,3,81,872.71
PRD002,2025-05-04 13:57:36.235270,3,68,817.9
PRD002,2025-05-05 13:57:36.235270,1,53,788.79
PRD002,2025-05-06 13:57:36.235270,2,33,773.54
PRD002,2025-05-07 13:57:36.235270,0,35,830.02
PRD002,2025-05-08 13:57:36.235270,1,65,850.46
PRD002,2025-05-09 13:57:36.235270,3,39,803.42
PRD002,2025-05-10 13:57:36.235270,6,82,765.58
PRD002,2025-05-11 13:57:36.235270,6,24,872.01
PRD002,2025-05-12 13:57:36.235270,0,24,900.56
PRD002,2025-05-13 13:57:36.235270,3,28,905.12
PRD002,2025-05-14 13:57:36.235270,1,23,790.97
PRD002,2025-05-15 13:57:36.235270,4,46,799.0
PRD002,2025-05-16 13:57:36.235270,1,68,843.01
PRD002,2025-05-17 13:57:36.235270,6,91,775.09
PRD002,2025-05-18 13:57:36.235270,1,30,794.89
PRD002,2025-05-19 13:57:36.235270,3,30,844.41
PRD002,2025-05-20 13:57:36.235270,0,35,792.7
PRD002,2025-05-21 13:57:36.235270,5,22,857.15
PRD002,2025-05-22 13:57:36.235270,1,73,869.13
PRD003,2024-05-22 13:57:36.235270,4,26,192.93
PRD003,2024-05-23 13:57:36.235270,7,78,179.11
PRD003,2024-05-24 13:57:36.235270,2,31,166.54
PRD003,2024-05-25 13:57:36.235270,9,54,186.89
PRD003,2024-05-26 13:57:36.235270,9,76,173.18
PRD003,2024-05-27 13:57:36.235270,5,61,162.01
PRD003,2024-05-28 13:57:36.235270,9,77,161.71
PRD003,2024-05-29 13:57:36.235270,6,25,186.75
PRD003,2024-05-30 13:57:36.235270,5,17,190.09
PRD003,2024-05-31 13:57:36.235270,7,73,188.7
PRD003,2024-06-01 13:57:36.235270,9,30,181.24
PRD003,2024-06-02 13:57:36.235270,5,34,167.04
PRD003,2024-06-03 13:57:36.235270,5,26,186.49
PRD003,2024-06-04 13:57:36.235270,4,30,176.88
PRD003,2024-06-05 13:57:36.235270,5,52,161.37
PRD003,2024-06-06 13:57:36.235270,3,23,179.46
PRD003,2024-06-07 13:57:36.235270,4,43,177.98
PRD003,2024-06-08 13:57:36.235270,6,76,187.04
PRD003,2024-06-09 13:57:36.235270,7,46,183.21
PRD003,2024-06-10 13:57:36.235270,6,88,183.87
PRD003,2024-06-11 13:57:36.235270,3,61,159.64
PRD003,2024-06-12 13:57:36.235270,3,77,179.54
PRD003,2024-06-13 13:57:36.235270,3,21,176.36
PRD003,2024-06-14 13:57:36.235270,4,52,170.04
PRD003,2024-06-15 13:57:36.235270,7,55,173.42
PRD003,2024-06-16 13:57:36.235270,8,42,174.78
PRD003,2024-06-17 13:57:36.235270,3,30,168.79
PRD003,2024-06-18 13:57:36.235270,3,45,162.78
PRD003,2024-06-19 13:57:36.235270,5,19,176.13
PRD003,2024-06-20 13:57:36.235270,3,17,189.35
PRD003,2024-06-21 13:57:36.235270,2,23,159.87
PRD003,2024-06-22 13:57:36.235270,7,65,184.07
PRD003,2024-06-23 13:57:36.235270,9,71,179.6
PRD003,2024-06-24 13:57:36.235270,3,80,160.55
PRD003,2024-06-25 13:57:36.235270,4,66,161.74
PRD003,2024-06-26 13:57:36.235270,7,38,175.17
PRD003,2024-06-27 13:57:36.235270,9,44,176.84
PRD003,2024-06-28 13:57:36.235270,8,43,167.13
PRD003,2024-06-29 13:57:36.235270,10,55,168.56
PRD003,2024-06-30 13:57:36.235270,12,71,170.03
PRD003,2024-07-01 13:57:36.235270,5,76,180.11
PRD003,2024-07-02 13:57:36.235270,4,96,181.48
PRD003,2024-07-03 13:57:36.235270,3,84,180.55
PRD003,2024-07-04 13:57:36.235270,3,33,160.47
PRD003,2024-07-05 13:57:36.235270,6,87,181.28
PRD003,2024-07-06 13:57:36.235270,8,57,168.65
PRD003,2024-07-07 13:57:36.235270,8,15,181.01
PRD003,2024-07-08 13:57:36.235270,3,29,174.94
PRD003,2024-07-09 13:57:36.235270,3,61,164.81
PRD003,2024-07-10 13:57:36.235270,4,45,178.04
PRD003,2024-07-11 13:57:36.235270,6,76,173.94
PRD003,2024-07-12 13:57:36.235270,4,78,184.24
PRD003,2024-07-13 13:57:36.235270,5,39,163.0
PRD003,2024-07-14 13:57:36.235270,9,40,169.04
PRD003,2024-07-15 13:57:36.235270,7,92,192.1
PRD003,2024-07-16 13:57:36.235270,6,79,180.63
PRD003,2024-07-17 13:57:36.235270,6,19,170.11
PRD003,2024-07-18 13:57:36.235270,3,20,183.09
PRD003,2024-07-19 13:57:36.235270,2,23,187.34
PRD003,2024-07-20 13:57:36.235270,9,66,170.24
PRD003,2024-07-21 13:57:36.235270,6,93,167.93
PRD003,2024-07-22 13:57:36.235270,3,31,174.87
PRD003,2024-07-23 13:57:36.235270,3,58,182.93
PRD003,2024-07-24 13:57:36.235270,3,91,183.29
PRD003,2024-07-25 13:57:36.235270,5,53,162.35
PRD003,2024-07-26 13:57:36.235270,6,53,186.86
PRD003,2024-07-27 13:57:36.235270,8,91,164.94
PRD003,2024-07-28 13:57:36.235270,12,70,173.71
PRD003,2024-07-29 13:57:36.235270,4,86,181.61
PRD003,2024-07-30 13:57:36.235270,3,71,185.44
PRD003,2024-07-31 13:57:36.235270,9,54,193.37
PRD003,2024-08-01 13:57:36.235270,6,70,185.44
PRD003,2024-08-02 13:57:36.235270,7,23,165.41
PRD003,2024-08-03 13:57:36.235270,6,86,177.0
PRD003,2024-08-04 13:57:36.235270,7,70,172.22
PRD003,2024-08-05 13:57:36.235270,5,34,181.07
PRD003,2024-08-06 13:57:36.235270,5,39,171.1
PRD003,2024-08-07 13:57:36.235270,4,88,174.06
PRD003,2024-08-08 13:57:36.235270,4,17,165.66
PRD003,2024-08-09 13:57:36.235270,4,24,185.21
PRD003,2024-08-10 13:57:36.235270,4,59,166.23
PRD003,2024-08-11 13:57:36.235270,5,69,179.6
PRD003,2024-08-12 13:57:36.235270,5,22,161.36
PRD003,2024-08-13 13:57:36.235270,4,56,166.02
PRD003,2024-08-14 13:57:36.235270,5,26,179.42
PRD003,2024-08-15 13:57:36.235270,4,35,162.55
PRD003,2024-08-16 13:57:36.235270,2,88,191.01
PRD003,2024-08-17 13:57:36.235270,5,77,160.02
PRD003,2024-08-18 13:57:36.235270,6,51,165.05
PRD003,2024-08-19 13:57:36.235270,4,76,192.95
PRD003,2024-08-20 13:57:36.235270,5,33,184.08
PRD003,2024-08-21 13:57:36.235270,2,37,168.44
PRD003,2024-08-22 13:57:36.235270,3,94,193.81
PRD003,2024-08-23 13:57:36.235270,6,51,173.62
PRD003,2024-08-24 13:57:36.235270,4,19,180.37
PRD003,2024-08-25 13:57:36.235270,9,18,180.01
PRD003,2024-08-26 13:57:36.235270,8,90,163.92
PRD003,2024-08-27 13:57:36.235270,8,85,164.44
PRD003,2024-08-28 13:57:36.235270,5,53,162.03
PRD003,2024-08-29 13:57:36.235270,6,62,161.15
PRD003,2024-08-30 13:57:36.235270,8,61,164.31
PRD003,2024-08-31 13:57:36.235270,10,30,166.65
PRD003,2024-09-01 13:57:36.235270,6,20,163.21
PRD003,2024-09-02 13:57:36.235270,7,27,158.99
PRD003,2024-09-03 13:57:36.235270,5,61,191.6
PRD003,2024-09-04 13:57:36.235270,2,76,169.89
PRD003,2024-09-05 13:57:36.235270,6,21,175.08
PRD003,2024-09-06 13:57:36.235270,7,19,177.46
PRD003,2024-09-07 13:57:36.235270,8,76,179.24
PRD003,2024-09-08 13:57:36.235270,7,43,166.98
PRD003,2024-09-09 13:57:36.235270,7,77,162.66
PRD003,2024-09-10 13:57:36.235270,4,65,179.34
PRD003,2024-09-11 13:57:36.235270,2,32,166.7
PRD003,2024-09-12 13:57:36.235270,3,77,192.05
PRD003,2024-09-13 13:57:36.235270,5,21,160.49
PRD003,2024-09-14 13:57:36.235270,9,52,189.02
PRD003,2024-09-15 13:57:36.235270,5,47,190.65
PRD003,2024-09-16 13:57:36.235270,3,66,170.52
PRD003,2024-09-17 13:57:36.235270,4,83,176.74
PRD003,2024-09-18 13:57:36.235270,3,81,181.84
PRD003,2024-09-19 13:57:36.235270,5,40,159.25
PRD003,2024-09-20 13:57:36.235270,5,59,159.05
PRD003,2024-09-21 13:57:36.235270,9,78,172.83
PRD003,2024-09-22 13:57:36.235270,5,24,190.54
PRD003,2024-09-23 13:57:36.235270,3,51,175.68
PRD003,2024-09-24 13:57:36.235270,7,24,187.01
PRD003,2024-09-25 13:57:36.235270,7,19,192.81
PRD003,2024-09-26 13:57:36.235270,7,48,183.46
PRD003,2024-09-27 13:57:36.235270,4,94,173.41
PRD003,2024-09-28 13:57:36.235270,7,20,179.32
PRD003,2024-09-29 13:57:36.235270,7,23,166.14
PRD003,2024-09-30 13:57:36.235270,7,43,168.45
PRD003,2024-10-01 13:57:36.235270,6,18,188.28
PRD003,2024-10-02 13:57:36.235270,2,23,160.96
PRD003,2024-10-03 13:57:36.235270,6,26,172.29
PRD003,2024-10-04 13:57:36.235270,5,33,169.31
PRD003,2024-10-05 13:57:36.235270,9,46,163.56
PRD003,2024-10-06 13:57:36.235270,4,67,182.76
PRD003,2024-10-07 13:57:36.235270,7,64,178.66
PRD003,2024-10-08 13:57:36.235270,6,75,166.9
PRD003,2024-10-09 13:57:36.235270,4,91,190.1
PRD003,2024-10-10 13:57:36.235270,5,60,186.78
PRD003,2024-10-11 13:57:36.235270,6,28,163.28
PRD003,2024-10-12 13:57:36.235270,5,24,189.31
PRD003,2024-10-13 13:57:36.235270,4,21,183.23
PRD003,2024-10-14 13:57:36.235270,2,26,169.35
PRD003,2024-10-15 13:57:36.235270,2,19,170.59
PRD003,2024-10-16 13:57:36.235270,2,23,165.01
PRD003,2024-10-17 13:57:36.235270,4,25,188.22
PRD003,2024-10-18 13:57:36.235270,4,51,192.74
PRD003,2024-10-19 13:57:36.235270,8,13,183.47
PRD003,2024-10-20 13:57:36.235270,9,82,162.78
PRD003,2024-10-21 13:57:36.235270,6,72,178.26
PRD003,2024-10-22 13:57:36.235270,3,59,188.2
PRD003,2024-10-23 13:57:36.235270,3,57,191.37
PRD003,2024-10-24 13:57:36.235270,6,82,190.99
PRD003,2024-10-25 13:57:36.235270,5,80,187.22
PRD003,2024-10-26 13:57:36.235270,8,41,168.72
PRD003,2024-10-27 13:57:36.235270,9,53,183.86
PRD003,2024-10-28 13:57:36.235270,6,57,179.12
PRD003,2024-10-29 13:57:36.235270,4,32,176.66
PRD003,2024-10-30 13:57:36.235270,7,46,192.37
PRD003,2024-10-31 13:57:36.235270,8,76,161.68
PRD003,2024-11-01 13:57:36.235270,7,56,178.14
PRD003,2024-11-02 13:57:36.235270,7,77,170.4
PRD003,2024-11-03 13:57:36.235270,6,21,175.8
PRD003,2024-11-04 13:57:36.235270,3,35,177.55
PRD003,2024-11-05 13:57:36.235270,4,62,189.71
PRD003,2024-11-06 13:57:36.235270,6,32,161.1
PRD003,2024-11-07 13:57:36.235270,2,21,171.43
PRD003,2024-11-08 13:57:36.235270,6,38,172.77
PRD003,2024-11-09 13:57:36.235270,5,73,190.47
PRD003,2024-11-10 13:57:36.235270,7,18,182.93
PRD003,2024-11-11 13:57:36.235270,7,84,182.21
PRD003,2024-11-12 13:57:36.235270,2,21,181.45
PRD003,2024-11-13 13:57:36.235270,4,90,163.57
PRD003,2024-11-14 13:57:36.235270,6,44,182.81
PRD003,2024-11-15 13:57:36.235270,6,70,186.06
PRD003,2024-11-16 13:57:36.235270,10,84,186.24
PRD003,2024-11-17 13:57:36.235270,6,93,167.54
PRD003,2024-11-18 13:57:36.235270,6,47,165.95
PRD003,2024-11-19 13:57:36.235270,3,40,180.67
PRD003,2024-11-20 13:57:36.235270,5,90,172.24
PRD003,2024-11-21 13:57:36.235270,5,20,178.17
PRD003,2024-11-22 13:57:36.235270,4,58,186.04
PRD003,2024-11-23 13:57:36.235270,6,14,178.93
PRD003,2024-11-24 13:57:36.235270,5,75,193.06
PRD003,2024-11-25 13:57:36.235270,7,71,171.4
PRD003,2024-11-26 13:57:36.235270,5,85,179.4
PRD003,2024-11-27 13:57:36.235270,7,20,187.08
PRD003,2024-11-28 13:57:36.235270,4,61,159.98
PRD003,2024-11-29 13:57:36.235270,7,12,187.01
PRD003,2024-11-30 13:57:36.235270,8,33,162.26
PRD003,2024-12-01 13:57:36.235270,6,51,175.49
PRD003,2024-12-02 13:57:36.235270,5,15,167.64
PRD003,2024-12-03 13:57:36.235270,5,68,178.88
PRD003,2024-12-04 13:57:36.235270,4,72,183.01
PRD003,2024-12-05 13:57:36.235270,3,71,181.82
PRD003,2024-12-06 13:57:36.235270,3,81,170.9
PRD003,2024-12-07 13:57:36.235270,5,18,161.13
PRD003,2024-12-08 13:57:36.235270,7,25,176.26
PRD003,2024-12-09 13:57:36.235270,3,46,189.28
PRD003,2024-12-10 13:57:36.235270,3,23,189.44
PRD003,2024-12-11 13:57:36.235270,4,30,164.69
PRD003,2024-12-12 13:57:36.235270,3,60,180.41
PRD003,2024-12-13 13:57:36.235270,7,93,162.52
PRD003,2024-12-14 13:57:36.235270,6,22,164.46
PRD003,2024-12-15 13:57:36.235270,8,62,163.66
PRD003,2024-12-16 13:57:36.235270,6,74,162.53
PRD003,2024-12-17 13:57:36.235270,6,41,159.73
PRD003,2024-12-18 13:57:36.235270,2,71,181.78
PRD003,2024-12-19 13:57:36.235270,3,62,187.93
PRD003,2024-12-20 13:57:36.235270,4,92,187.47
PRD003,2024-12-21 13:57:36.235270,5,18,164.03
PRD003,2024-12-22 13:57:36.235270,8,89,193.17
PRD003,2024-12-23 13:57:36.235270,7,63,168.16
PRD003,2024-12-24 13:57:36.235270,7,79,175.39
PRD003,2024-12-25 13:57:36.235270,9,80,173.48
PRD003,2024-12-26 13:57:36.235270,6,31,184.68
PRD003,2024-12-27 13:57:36.235270,8,35,187.17
PRD003,2024-12-28 13:57:36.235270,8,24,176.3
PRD003,2024-12-29 13:57:36.235270,7,34,180.38
PRD003,2024-12-30 13:57:36.235270,3,46,177.9
PRD003,2024-12-31 13:57:36.235270,8,8,187.74
PRD003,2025-01-01 13:57:36.235270,4,70,167.28
PRD003,2025-01-02 13:57:36.235270,5,18,191.24
PRD003,2025-01-03 13:57:36.235270,3,22,163.03
PRD003,2025-01-04 13:57:36.235270,6,20,169.41
PRD003,2025-01-05 13:57:36.235270,8,10,171.58
PRD003,2025-01-06 13:57:36.235270,3,43,160.78
PRD003,2025-01-07 13:57:36.235270,4,89,175.64
PRD003,2025-01-08 13:57:36.235270,7,12,193.21
PRD003,2025-01-09 13:57:36.235270,3,61,169.26
PRD003,2025-01-10 13:57:36.235270,6,36,193.5
PRD003,2025-01-11 13:57:36.235270,6,16,177.86
PRD003,2025-01-12 13:57:36.235270,4,25,193.95
PRD003,2025-01-13 13:57:36.235270,5,84,168.24
PRD003,2025-01-14 13:57:36.235270,5,54,176.78
PRD003,2025-01-15 13:57:36.235270,3,94,179.55
PRD003,2025-01-16 13:57:36.235270,3,69,167.99
PRD003,2025-01-17 13:57:36.235270,6,92,174.75
PRD003,2025-01-18 13:57:36.235270,4,21,190.0
PRD003,2025-01-19 13:57:36.235270,7,23,186.01
PRD003,2025-01-20 13:57:36.235270,3,18,169.8
PRD003,2025-01-21 13:57:36.235270,4,19,166.7
PRD003,2025-01-22 13:57:36.235270,2,60,172.22
PRD003,2025-01-23 13:57:36.235270,3,91,158.97
PRD003,2025-01-24 13:57:36.235270,3,34,164.2
PRD003,2025-01-25 13:57:36.235270,9,16,186.79
PRD003,2025-01-26 13:57:36.235270,10,37,167.04
PRD003,2025-01-27 13:57:36.235270,7,28,182.69
PRD003,2025-01-28 13:57:36.235270,5,64,168.81
PRD003,2025-01-29 13:57:36.235270,3,24,183.54
PRD003,2025-01-30 13:57:36.235270,5,66,191.25
PRD003,2025-01-31 13:57:36.235270,5,80,159.41
PRD003,2025-02-01 13:57:36.235270,9,66,167.64
PRD003,2025-02-02 13:57:36.235270,8,23,171.12
PRD003,2025-02-03 13:57:36.235270,4,45,182.3
PRD003,2025-02-04 13:57:36.235270,2,69,167.63
PRD003,2025-02-05 13:57:36.235270,7,25,183.0
PRD003,2025-02-06 13:57:36.235270,3,96,180.16
PRD003,2025-02-07 13:57:36.235270,6,87,171.48
PRD003,2025-02-08 13:57:36.235270,7,22,191.51
PRD003,2025-02-09 13:57:36.235270,6,46,174.63
PRD003,2025-02-10 13:57:36.235270,4,22,189.4
PRD003,2025-02-11 13:57:36.235270,6,69,177.96
PRD003,2025-02-12 13:57:36.235270,6,82,181.93
PRD003,2025-02-13 13:57:36.235270,5,30,172.14
PRD003,2025-02-14 13:57:36.235270,3,93,169.11
PRD003,2025-02-15 13:57:36.235270,9,53,165.3
PRD003,2025-02-16 13:57:36.235270,5,89,169.52
PRD003,2025-02-17 13:57:36.235270,7,36,178.12
PRD003,2025-02-18 13:57:36.235270,3,89,159.3
PRD003,2025-02-19 13:57:36.235270,5,87,173.97
PRD003,2025-02-20 13:57:36.235270,6,22,163.68
PRD003,2025-02-21 13:57:36.235270,4,29,186.48
PRD003,2025-02-22 13:57:36.235270,9,61,169.28
PRD003,2025-02-23 13:57:36.235270,6,20,185.26
PRD003,2025-02-24 13:57:36.235270,5,80,166.9
PRD003,2025-02-25 13:57:36.235270,7,15,190.5
PRD003,2025-02-26 13:57:36.235270,4,25,189.84
PRD003,2025-02-27 13:57:36.235270,7,78,174.47
PRD003,2025-02-28 13:57:36.235270,7,39,181.11
PRD003,2025-03-01 13:57:36.235270,5,19,177.03
PRD003,2025-03-02 13:57:36.235270,7,65,162.3
PRD003,2025-03-03 13:57:36.235270,3,28,175.99
PRD003,2025-03-04 13:57:36.235270,5,25,160.26
PRD003,2025-03-05 13:57:36.235270,4,90,188.7
PRD003,2025-03-06 13:57:36.235270,6,19,167.72
PRD003,2025-03-07 13:57:36.235270,7,92,164.11
PRD003,2025-03-08 13:57:36.235270,7,49,174.44
PRD003,2025-03-09 13:57:36.235270,7,59,164.35
PRD003,2025-03-10 13:57:36.235270,6,71,178.0
PRD003,2025-03-11 13:57:36.235270,4,26,162.24
PRD003,2025-03-12 13:57:36.235270,3,76,170.71
PRD003,2025-03-13 13:57:36.235270,4,16,185.74
PRD003,2025-03-14 13:57:36.235270,6,75,161.7
PRD003,2025-03-15 13:57:36.235270,6,27,174.03
PRD003,2025-03-16 13:57:36.235270,6,18,180.33
PRD003,2025-03-17 13:57:36.235270,7,56,193.33
PRD003,2025-03-18 13:57:36.235270,7,17,161.25
PRD003,2025-03-19 13:57:36.235270,2,66,169.44
PRD003,2025-03-20 13:57:36.235270,5,76,189.82
PRD003,2025-03-21 13:57:36.235270,2,44,189.17
PRD003,2025-03-22 13:57:36.235270,10,39,193.89
PRD003,2025-03-23 13:57:36.235270,7,63,167.87
PRD003,2025-03-24 13:57:36.235270,3,97,181.72
PRD003,2025-03-25 13:57:36.235270,7,67,160.28
PRD003,2025-03-26 13:57:36.235270,8,15,193.46
PRD003,2025-03-27 13:57:36.235270,6,69,187.93
PRD003,2025-03-28 13:57:36.235270,9,33,173.56
PRD003,2025-03-29 13:57:36.235270,9,17,179.92
PRD003,2025-03-30 13:57:36.235270,12,78,185.31
PRD003,2025-03-31 13:57:36.235270,5,30,187.35
PRD003,2025-04-01 13:57:36.235270,7,21,191.82
PRD003,2025-04-02 13:57:36.235270,4,22,191.84
PRD003,2025-04-03 13:57:36.235270,6,14,189.39
PRD003,2025-04-04 13:57:36.235270,4,93,183.79
PRD003,2025-04-05 13:57:36.235270,6,38,189.83
PRD003,2025-04-06 13:57:36.235270,7,21,185.53
PRD003,2025-04-07 13:57:36.235270,5,35,187.54
PRD003,2025-04-08 13:57:36.235270,4,32,165.97
PRD003,2025-04-09 13:57:36.235270,5,29,181.75
PRD003,2025-04-10 13:57:36.235270,3,78,168.21
PRD003,2025-04-11 13:57:36.235270,5,35,177.88
PRD003,2025-04-12 13:57:36.235270,5,49,167.97
PRD003,2025-04-13 13:57:36.235270,8,76,173.22
PRD003,2025-04-14 13:57:36.235270,4,20,165.24
PRD003,2025-04-15 13:57:36.235270,6,65,192.46
PRD003,2025-04-16 13:57:36.235270,5,82,161.36
PRD003,2025-04-17 13:57:36.235270,2,81,166.72
PRD003,2025-04-18 13:57:36.235270,4,44,182.01
PRD003,2025-04-19 13:57:36.235270,8,80,164.7
PRD003,2025-04-20 13:57:36.235270,6,22,170.28
PRD003,2025-04-21 13:57:36.235270,5,57,192.02
PRD003,2025-04-22 13:57:36.235270,5,57,161.04
PRD003,2025-04-23 13:57:36.235270,2,93,161.19
PRD003,2025-04-24 13:57:36.235270,7,22,186.4
PRD003,2025-04-25 13:57:36.235270,6,43,167.44
PRD003,2025-04-26 13:57:36.235270,7,67,193.57
PRD003,2025-04-27 13:57:36.235270,12,35,193.44
PRD003,2025-04-28 13:57:36.235270,7,93,190.68
PRD003,2025-04-29 13:57:36.235270,5,67,168.04
PRD003,2025-04-30 13:57:36.235270,6,45,166.62
PRD003,2025-05-01 13:57:36.235270,5,32,188.89
PRD003,2025-05-02 13:57:36.235270,5,21,193.44
PRD003,2025-05-03 13:57:36.235270,8,14,169.39
PRD003,2025-05-04 13:57:36.235270,7,14,172.59
PRD003,2025-05-05 13:57:36.235270,4,23,189.23
PRD003,2025-05-06 13:57:36.235270,6,56,168.78
PRD003,2025-05-07 13:57:36.235270,4,44,172.58
PRD003,2025-05-08 13:57:36.235270,6,37,160.99
PRD003,2025-05-09 13:57:36.235270,2,27,175.91
PRD003,2025-05-10 13:57:36.235270,7,78,190.5
PRD003,2025-05-11 13:57:36.235270,6,23,159.4
PRD003,2025-05-12 13:57:36.235270,3,75,171.5
PRD003,2025-05-13 13:57:36.235270,3,73,173.86
PRD003,2025-05-14 13:57:36.235270,2,35,172.89
PRD003,2025-05-15 13:57:36.235270,4,32,168.04
PRD003,2025-05-16 13:57:36.235270,6,28,192.24
PRD003,2025-05-17 13:57:36.235270,8,64,163.79
PRD003,2025-05-18 13:57:36.235270,7,20,188.72
PRD003,2025-05-19 13:57:36.235270,6,39,165.04
PRD003,2025-05-20 13:57:36.235270,3,65,165.91
PRD003,2025-05-21 13:57:36.235270,6,32,181.41
PRD003,2025-05-22 13:57:36.235270,5,72,185.71
PRD004,2024-05-22 13:57:36.235270,4,49,887.76
PRD004,2024-05-23 13:57:36.235270,0,89,970.13
PRD004,2024-05-24 13:57:36.235270,4,95,924.77
PRD004,2024-05-25 13:57:36.235270,3,21,882.17
PRD004,2024-05-26 13:57:36.235270,6,86,849.39
PRD004,2024-05-27 13:57:36.235270,3,19,861.55
PRD004,2024-05-28 13:57:36.235270,2,29,978.21
PRD004,2024-05-29 13:57:36.235270,3,25,906.11
PRD004,2024-05-30 13:57:36.235270,5,94,995.35
PRD004,2024-05-31 13:57:36.235270,6,24,889.82
PRD004,2024-06-01 13:57:36.235270,5,33,960.84
PRD004,2024-06-02 13:57:36.235270,1,87,956.07
PRD004,2024-06-03 13:57:36.235270,1,24,842.69
PRD004,2024-06-04 13:57:36.235270,4,26,921.48
PRD004,2024-06-05 13:57:36.235270,3,30,893.13
PRD004,2024-06-06 13:57:36.235270,1,50,864.44
PRD004,2024-06-07 13:57:36.235270,5,43,996.68
PRD004,2024-06-08 13:57:36.235270,3,43,975.59
PRD004,2024-06-09 13:57:36.235270,5,19,963.02
PRD004,2024-06-10 13:57:36.235270,2,87,1000.46
PRD004,2024-06-11 13:57:36.235270,2,40,975.39
PRD004,2024-06-12 13:57:36.235270,0,95,1014.55
PRD004,2024-06-13 13:57:36.235270,3,89,926.9
PRD004,2024-06-14 13:57:36.235270,3,52,969.75
PRD004,2024-06-15 13:57:36.235270,5,76,888.56
PRD004,2024-06-16 13:57:36.235270,5,35,881.26
PRD004,2024-06-17 13:57:36.235270,2,40,844.48
PRD004,2024-06-18 13:57:36.235270,2,51,916.1
PRD004,2024-06-19 13:57:36.235270,5,31,924.51
PRD004,2024-06-20 13:57:36.235270,2,97,971.91
PRD004,2024-06-21 13:57:36.235270,4,23,896.23
PRD004,2024-06-22 13:57:36.235270,4,22,983.04
PRD004,2024-06-23 13:57:36.235270,3,50,951.02
PRD004,2024-06-24 13:57:36.235270,2,34,841.41
PRD004,2024-06-25 13:57:36.235270,4,39,1019.46
PRD004,2024-06-26 13:57:36.235270,1,93,995.03
PRD004,2024-06-27 13:57:36.235270,2,84,841.08
PRD004,2024-06-28 13:57:36.235270,5,39,940.67
PRD004,2024-06-29 13:57:36.235270,8,22,909.51
PRD004,2024-06-30 13:57:36.235270,4,43,856.5
PRD004,2024-07-01 13:57:36.235270,1,16,969.54
PRD004,2024-07-02 13:57:36.235270,3,86,861.16
PRD004,2024-07-03 13:57:36.235270,1,48,859.02
PRD004,2024-07-04 13:57:36.235270,4,24,982.65
PRD004,2024-07-05 13:57:36.235270,2,93,910.09
PRD004,2024-07-06 13:57:36.235270,2,25,932.03
PRD004,2024-07-07 13:57:36.235270,4,25,1004.63
PRD004,2024-07-08 13:57:36.235270,3,51,955.87
PRD004,2024-07-09 13:57:36.235270,3,37,948.02
PRD004,2024-07-10 13:57:36.235270,1,92,989.8
PRD004,2024-07-11 13:57:36.235270,0,95,986.41
PRD004,2024-07-12 13:57:36.235270,1,36,852.64
PRD004,2024-07-13 13:57:36.235270,4,72,854.47
PRD004,2024-07-14 13:57:36.235270,2,26,941.42
PRD004,2024-07-15 13:57:36.235270,3,26,957.1
PRD004,2024-07-16 13:57:36.235270,0,71,937.18
PRD004,2024-07-17 13:57:36.235270,4,62,919.96
PRD004,2024-07-18 13:57:36.235270,2,37,916.91
PRD004,2024-07-19 13:57:36.235270,2,67,924.52
PRD004,2024-07-20 13:57:36.235270,3,43,958.3
PRD004,2024-07-21 13:57:36.235270,3,71,965.57
PRD004,2024-07-22 13:57:36.235270,3,49,1014.03
PRD004,2024-07-23 13:57:36.235270,2,24,946.08
PRD004,2024-07-24 13:57:36.235270,3,80,938.41
PRD004,2024-07-25 13:57:36.235270,5,63,861.21
PRD004,2024-07-26 13:57:36.235270,2,35,910.27
PRD004,2024-07-27 13:57:36.235270,4,21,950.85
PRD004,2024-07-28 13:57:36.235270,3,52,907.3
PRD004,2024-07-29 13:57:36.235270,4,24,919.62
PRD004,2024-07-30 13:57:36.235270,2,23,961.05
PRD004,2024-07-31 13:57:36.235270,4,33,909.11
PRD004,2024-08-01 13:57:36.235270,0,77,954.52
PRD004,2024-08-02 13:57:36.235270,1,30,881.16
PRD004,2024-08-03 13:57:36.235270,5,60,971.35
PRD004,2024-08-04 13:57:36.235270,3,91,854.2
PRD004,2024-08-05 13:57:36.235270,2,67,916.69
PRD004,2024-08-06 13:57:36.235270,1,87,930.34
PRD004,2024-08-07 13:57:36.235270,2,84,929.13
PRD004,2024-08-08 13:57:36.235270,2,25,924.44
PRD004,2024-08-09 13:57:36.235270,4,65,971.97
PRD004,2024-08-10 13:57:36.235270,5,31,845.05
PRD004,2024-08-11 13:57:36.235270,5,26,865.25
PRD004,2024-08-12 13:57:36.235270,3,86,1009.56
PRD004,2024-08-13 13:57:36.235270,3,21,936.17
PRD004,2024-08-14 13:57:36.235270,4,52,871.36
PRD004,2024-08-15 13:57:36.235270,3,62,884.67
PRD004,2024-08-16 13:57:36.235270,2,48,871.69
PRD004,2024-08-17 13:57:36.235270,4,84,876.25
PRD004,2024-08-18 13:57:36.235270,4,64,970.94
PRD004,2024-08-19 13:57:36.235270,2,95,897.9
PRD004,2024-08-20 13:57:36.235270,5,32,1005.66
PRD004,2024-08-21 13:57:36.235270,3,36,893.21
PRD004,2024-08-22 13:57:36.235270,3,56,874.65
PRD004,2024-08-23 13:57:36.235270,1,75,838.75
PRD004,2024-08-24 13:57:36.235270,2,24,883.68
PRD004,2024-08-25 13:57:36.235270,8,61,888.0
PRD004,2024-08-26 13:57:36.235270,3,62,1006.96
PRD004,2024-08-27 13:57:36.235270,5,94,856.14
PRD004,2024-08-28 13:57:36.235270,2,71,905.32
PRD004,2024-08-29 13:57:36.235270,5,59,992.89
PRD004,2024-08-30 13:57:36.235270,4,20,963.63
PRD004,2024-08-31 13:57:36.235270,5,26,920.77
PRD004,2024-09-01 13:57:36.235270,3,71,939.26
PRD004,2024-09-02 13:57:36.235270,1,76,994.97
PRD004,2024-09-03 13:57:36.235270,3,18,943.33
PRD004,2024-09-04 13:57:36.235270,5,83,846.97
PRD004,2024-09-05 13:57:36.235270,1,26,957.34
PRD004,2024-09-06 13:57:36.235270,2,28,901.06
PRD004,2024-09-07 13:57:36.235270,5,81,928.17
PRD004,2024-09-08 13:57:36.235270,2,51,1008.43
PRD004,2024-09-09 13:57:36.235270,2,66,861.47
PRD004,2024-09-10 13:57:36.235270,4,35,991.72
PRD004,2024-09-11 13:57:36.235270,4,48,891.44
PRD004,2024-09-12 13:57:36.235270,1,86,961.59
PRD004,2024-09-13 13:57:36.235270,1,25,852.84
PRD004,2024-09-14 13:57:36.235270,2,75,988.34
PRD004,2024-09-15 13:57:36.235270,7,78,1000.01
PRD004,2024-09-16 13:57:36.235270,2,83,910.11
PRD004,2024-09-17 13:57:36.235270,4,26,850.54
PRD004,2024-09-18 13:57:36.235270,4,79,987.95
PRD004,2024-09-19 13:57:36.235270,4,86,1002.91
PRD004,2024-09-20 13:57:36.235270,4,87,923.15
PRD004,2024-09-21 13:57:36.235270,6,72,992.79
PRD004,2024-09-22 13:57:36.235270,6,56,848.15
PRD004,2024-09-23 13:57:36.235270,5,25,852.51
PRD004,2024-09-24 13:57:36.235270,5,86,1016.56
PRD004,2024-09-25 13:57:36.235270,5,27,991.2
PRD004,2024-09-26 13:57:36.235270,1,98,905.8
PRD004,2024-09-27 13:57:36.235270,5,82,982.38
PRD004,2024-09-28 13:57:36.235270,8,17,1006.13
PRD004,2024-09-29 13:57:36.235270,7,22,917.3
PRD004,2024-09-30 13:57:36.235270,4,48,960.59
PRD004,2024-10-01 13:57:36.235270,5,12,877.27
PRD004,2024-10-02 13:57:36.235270,3,38,864.79
PRD004,2024-10-03 13:57:36.235270,2,63,848.62
PRD004,2024-10-04 13:57:36.235270,3,46,997.69
PRD004,2024-10-05 13:57:36.235270,3,96,863.94
PRD004,2024-10-06 13:57:36.235270,3,36,961.04
PRD004,2024-10-07 13:57:36.235270,5,87,895.03
PRD004,2024-10-08 13:57:36.235270,3,39,858.69
PRD004,2024-10-09 13:57:36.235270,1,32,969.46
PRD004,2024-10-10 13:57:36.235270,4,73,952.47
PRD004,2024-10-11 13:57:36.235270,4,68,837.69
PRD004,2024-10-12 13:57:36.235270,6,50,950.4
PRD004,2024-10-13 13:57:36.235270,6,88,1015.22
PRD004,2024-10-14 13:57:36.235270,4,45,1017.51
PRD004,2024-10-15 13:57:36.235270,2,49,975.51
PRD004,2024-10-16 13:57:36.235270,4,39,876.11
PRD004,2024-10-17 13:57:36.235270,3,28,860.33
PRD004,2024-10-18 13:57:36.235270,1,87,910.78
PRD004,2024-10-19 13:57:36.235270,3,91,983.3
PRD004,2024-10-20 13:57:36.235270,3,79,977.89
PRD004,2024-10-21 13:57:36.235270,2,39,850.29
PRD004,2024-10-22 13:57:36.235270,3,37,916.78
PRD004,2024-10-23 13:57:36.235270,4,35,924.39
PRD004,2024-10-24 13:57:36.235270,4,24,1012.99
PRD004,2024-10-25 13:57:36.235270,2,41,923.97
PRD004,2024-10-26 13:57:36.235270,8,18,995.34
PRD004,2024-10-27 13:57:36.235270,8,81,887.32
PRD004,2024-10-28 13:57:36.235270,5,68,948.56
PRD004,2024-10-29 13:57:36.235270,6,16,946.67
PRD004,2024-10-30 13:57:36.235270,2,32,840.01
PRD004,2024-10-31 13:57:36.235270,5,65,926.71
PRD004,2024-11-01 13:57:36.235270,0,22,937.22
PRD004,2024-11-02 13:57:36.235270,1,19,881.13
PRD004,2024-11-03 13:57:36.235270,7,93,1003.26
PRD004,2024-11-04 13:57:36.235270,1,74,976.04
PRD004,2024-11-05 13:57:36.235270,4,63,906.43
PRD004,2024-11-06 13:57:36.235270,4,16,908.59
PRD004,2024-11-07 13:57:36.235270,2,74,893.25
PRD004,2024-11-08 13:57:36.235270,1,35,948.07
PRD004,2024-11-09 13:57:36.235270,5,34,837.79
PRD004,2024-11-10 13:57:36.235270,4,24,893.24
PRD004,2024-11-11 13:57:36.235270,2,68,923.58
PRD004,2024-11-12 13:57:36.235270,3,56,1008.06
PRD004,2024-11-13 13:57:36.235270,5,76,976.9
PRD004,2024-11-14 13:57:36.235270,4,32,930.72
PRD004,2024-11-15 13:57:36.235270,3,62,844.03
PRD004,2024-11-16 13:57:36.235270,7,47,841.38
PRD004,2024-11-17 13:57:36.235270,6,32,959.61
PRD004,2024-11-18 13:57:36.235270,0,42,885.55
PRD004,2024-11-19 13:57:36.235270,5,92,900.03
PRD004,2024-11-20 13:57:36.235270,1,45,891.03
PRD004,2024-11-21 13:57:36.235270,1,30,876.32
PRD004,2024-11-22 13:57:36.235270,4,26,957.93
PRD004,2024-11-23 13:57:36.235270,4,53,874.22
PRD004,2024-11-24 13:57:36.235270,5,83,865.03
PRD004,2024-11-25 13:57:36.235270,6,75,978.61
PRD004,2024-11-26 13:57:36.235270,4,52,864.34
PRD004,2024-11-27 13:57:36.235270,4,71,840.14
PRD004,2024-11-28 13:57:36.235270,2,61,923.52
PRD004,2024-11-29 13:57:36.235270,2,29,967.92
PRD004,2024-11-30 13:57:36.235270,7,38,972.66
PRD004,2024-12-01 13:57:36.235270,2,43,1016.62
PRD004,2024-12-02 13:57:36.235270,3,68,990.19
PRD004,2024-12-03 13:57:36.235270,0,20,856.69
PRD004,2024-12-04 13:57:36.235270,4,83,957.42
PRD004,2024-12-05 13:57:36.235270,1,45,961.4
PRD004,2024-12-06 13:57:36.235270,0,41,877.53
PRD004,2024-12-07 13:57:36.235270,1,53,931.99
PRD004,2024-12-08 13:57:36.235270,2,94,999.7
PRD004,2024-12-09 13:57:36.235270,1,94,853.58
PRD004,2024-12-10 13:57:36.235270,2,92,956.38
PRD004,2024-12-11 13:57:36.235270,2,22,971.24
PRD004,2024-12-12 13:57:36.235270,4,42,895.45
PRD004,2024-12-13 13:57:36.235270,2,90,861.97
PRD004,2024-12-14 13:57:36.235270,1,23,886.75
PRD004,2024-12-15 13:57:36.235270,6,86,988.24
PRD004,2024-12-16 13:57:36.235270,2,57,958.53
PRD004,2024-12-17 13:57:36.235270,4,49,919.21
PRD004,2024-12-18 13:57:36.235270,1,66,934.42
PRD004,2024-12-19 13:57:36.235270,0,82,892.3
PRD004,2024-12-20 13:57:36.235270,2,50,899.81
PRD004,2024-12-21 13:57:36.235270,4,31,892.53
PRD004,2024-12-22 13:57:36.235270,4,85,942.64
PRD004,2024-12-23 13:57:36.235270,2,51,879.33
PRD004,2024-12-24 13:57:36.235270,2,67,986.64
PRD004,2024-12-25 13:57:36.235270,4,36,954.37
PRD004,2024-12-26 13:57:36.235270,1,62,939.39
PRD004,2024-12-27 13:57:36.235270,4,81,922.41
PRD004,2024-12-28 13:57:36.235270,3,61,904.11
PRD004,2024-12-29 13:57:36.235270,7,47,948.72
PRD004,2024-12-30 13:57:36.235270,3,97,870.21
PRD004,2024-12-31 13:57:36.235270,2,31,840.63
PRD004,2025-01-01 13:57:36.235270,4,68,1014.54
PRD004,2025-01-02 13:57:36.235270,1,71,952.88
PRD004,2025-01-03 13:57:36.235270,3,49,997.62
PRD004,2025-01-04 13:57:36.235270,4,79,877.15
PRD004,2025-01-05 13:57:36.235270,5,32,857.46
PRD004,2025-01-06 13:57:36.235270,4,46,995.74
PRD004,2025-01-07 13:57:36.235270,3,17,906.15
PRD004,2025-01-08 13:57:36.235270,3,75,915.76
PRD004,2025-01-09 13:57:36.235270,3,48,864.92
PRD004,2025-01-10 13:57:36.235270,3,36,845.68
PRD004,2025-01-11 13:57:36.235270,6,94,974.63
PRD004,2025-01-12 13:57:36.235270,5,62,841.28
PRD004,2025-01-13 13:57:36.235270,4,45,968.01
PRD004,2025-01-14 13:57:36.235270,4,65,966.89
PRD004,2025-01-15 13:57:36.235270,4,77,934.51
PRD004,2025-01-16 13:57:36.235270,2,48,954.39
PRD004,2025-01-17 13:57:36.235270,4,37,909.74
PRD004,2025-01-18 13:57:36.235270,6,84,900.07
PRD004,2025-01-19 13:57:36.235270,3,49,866.53
PRD004,2025-01-20 13:57:36.235270,4,65,909.58
PRD004,2025-01-21 13:57:36.235270,4,94,1010.07
PRD004,2025-01-22 13:57:36.235270,1,32,927.94
PRD004,2025-01-23 13:57:36.235270,5,51,961.55
PRD004,2025-01-24 13:57:36.235270,4,90,922.38
PRD004,2025-01-25 13:57:36.235270,5,19,940.7
PRD004,2025-01-26 13:57:36.235270,6,48,844.85
PRD004,2025-01-27 13:57:36.235270,5,43,943.65
PRD004,2025-01-28 13:57:36.235270,5,31,982.43
PRD004,2025-01-29 13:57:36.235270,1,50,1011.31
PRD004,2025-01-30 13:57:36.235270,2,21,889.5
PRD004,2025-01-31 13:57:36.235270,2,20,971.89
PRD004,2025-02-01 13:57:36.235270,2,33,967.66
PRD004,2025-02-02 13:57:36.235270,5,18,867.85
PRD004,2025-02-03 13:57:36.235270,4,82,856.46
PRD004,2025-02-04 13:57:36.235270,0,41,901.67
PRD004,2025-02-05 13:57:36.235270,5,40,889.62
PRD004,2025-02-06 13:57:36.235270,4,73,876.47
PRD004,2025-02-07 13:57:36.235270,3,89,857.37
PRD004,2025-02-08 13:57:36.235270,5,25,976.2
PRD004,2025-02-09 13:57:36.235270,3,74,888.07
PRD004,2025-02-10 13:57:36.235270,0,20,948.0
PRD004,2025-02-11 13:57:36.235270,3,31,1011.74
PRD004,2025-02-12 13:57:36.235270,0,23,947.78
PRD004,2025-02-13 13:57:36.235270,3,65,889.89
PRD004,2025-02-14 13:57:36.235270,4,18,971.34
PRD004,2025-02-15 13:57:36.235270,1,88,958.92
PRD004,2025-02-16 13:57:36.235270,6,59,946.42
PRD004,2025-02-17 13:57:36.235270,4,52,954.65
PRD004,2025-02-18 13:57:36.235270,3,25,872.78
PRD004,2025-02-19 13:57:36.235270,1,22,876.64
PRD004,2025-02-20 13:57:36.235270,4,19,857.43
PRD004,2025-02-21 13:57:36.235270,3,77,883.56
PRD004,2025-02-22 13:57:36.235270,7,52,874.94
PRD004,2025-02-23 13:57:36.235270,2,23,915.46
PRD004,2025-02-24 13:57:36.235270,4,69,1005.07
PRD004,2025-02-25 13:57:36.235270,2,61,926.79
PRD004,2025-02-26 13:57:36.235270,6,14,988.28
PRD004,2025-02-27 13:57:36.235270,5,67,988.09
PRD004,2025-02-28 13:57:36.235270,5,71,953.51
PRD004,2025-03-01 13:57:36.235270,4,19,959.88
PRD004,2025-03-02 13:57:36.235270,1,34,1007.48
PRD004,2025-03-03 13:57:36.235270,3,70,923.14
PRD004,2025-03-04 13:57:36.235270,4,30,971.92
PRD004,2025-03-05 13:57:36.235270,2,65,890.05
PRD004,2025-03-06 13:57:36.235270,5,49,983.44
PRD004,2025-03-07 13:57:36.235270,1,95,924.91
PRD004,2025-03-08 13:57:36.235270,5,77,964.26
PRD004,2025-03-09 13:57:36.235270,3,84,965.74
PRD004,2025-03-10 13:57:36.235270,5,93,878.09
PRD004,2025-03-11 13:57:36.235270,4,54,882.46
PRD004,2025-03-12 13:57:36.235270,3,32,928.11
PRD004,2025-03-13 13:57:36.235270,1,96,988.72
PRD004,2025-03-14 13:57:36.235270,2,61,870.94
PRD004,2025-03-15 13:57:36.235270,6,23,1005.06
PRD004,2025-03-16 13:57:36.235270,2,53,920.1
PRD004,2025-03-17 13:57:36.235270,1,20,1004.51
PRD004,2025-03-18 13:57:36.235270,4,26,1011.85
PRD004,2025-03-19 13:57:36.235270,4,35,839.69
PRD004,2025-03-20 13:57:36.235270,2,24,940.48
PRD004,2025-03-21 13:57:36.235270,1,33,998.96
PRD004,2025-03-22 13:57:36.235270,6,76,881.96
PRD004,2025-03-23 13:57:36.235270,3,75,851.26
PRD004,2025-03-24 13:57:36.235270,0,91,848.75
PRD004,2025-03-25 13:57:36.235270,3,68,862.11
PRD004,2025-03-26 13:57:36.235270,1,39,835.33
PRD004,2025-03-27 13:57:36.235270,2,31,960.2
PRD004,2025-03-28 13:57:36.235270,5,32,946.98
PRD004,2025-03-29 13:57:36.235270,7,89,984.96
PRD004,2025-03-30 13:57:36.235270,4,34,878.74
PRD004,2025-03-31 13:57:36.235270,3,58,953.32
PRD004,2025-04-01 13:57:36.235270,4,62,864.01
PRD004,2025-04-02 13:57:36.235270,0,45,1019.38
PRD004,2025-04-03 13:57:36.235270,5,56,992.88
PRD004,2025-04-04 13:57:36.235270,2,28,943.79
PRD004,2025-04-05 13:57:36.235270,5,12,878.01
PRD004,2025-04-06 13:57:36.235270,2,62,906.84
PRD004,2025-04-07 13:57:36.235270,4,70,983.16
PRD004,2025-04-08 13:57:36.235270,2,90,917.9
PRD004,2025-04-09 13:57:36.235270,0,45,855.07
PRD004,2025-04-10 13:57:36.235270,0,25,842.6
PRD004,2025-04-11 13:57:36.235270,2,27,897.18
PRD004,2025-04-12 13:57:36.235270,6,70,1007.51
PRD004,2025-04-13 13:57:36.235270,7,50,942.21
PRD004,2025-04-14 13:57:36.235270,4,24,1002.94
PRD004,2025-04-15 13:57:36.235270,0,83,939.6
PRD004,2025-04-16 13:57:36.235270,2,54,865.93
PRD004,2025-04-17 13:57:36.235270,5,58,835.93
PRD004,2025-04-18 13:57:36.235270,3,48,888.08
PRD004,2025-04-19 13:57:36.235270,6,52,914.47
PRD004,2025-04-20 13:57:36.235270,6,33,921.5
PRD004,2025-04-21 13:57:36.235270,4,63,922.01
PRD004,2025-04-22 13:57:36.235270,3,96,873.19
PRD004,2025-04-23 13:57:36.235270,0,28,891.0
PRD004,2025-04-24 13:57:36.235270,0,67,923.24
PRD004,2025-04-25 13:57:36.235270,5,69,963.54
PRD004,2025-04-26 13:57:36.235270,3,72,910.18
PRD004,2025-04-27 13:57:36.235270,4,78,941.72
PRD004,2025-04-28 13:57:36.235270,5,31,847.28
PRD004,2025-04-29 13:57:36.235270,1,98,874.96
PRD004,2025-04-30 13:57:36.235270,2,34,975.23
PRD004,2025-05-01 13:57:36.235270,0,84,909.24
PRD004,2025-05-02 13:57:36.235270,1,96,876.76
PRD004,2025-05-03 13:57:36.235270,3,51,916.45
PRD004,2025-05-04 13:57:36.235270,3,38,891.27
PRD004,2025-05-05 13:57:36.235270,3,24,971.46
PRD004,2025-05-06 13:57:36.235270,4,33,996.77
PRD004,2025-05-07 13:57:36.235270,3,97,966.63
PRD004,2025-05-08 13:57:36.235270,0,23,973.32
PRD004,2025-05-09 13:57:36.235270,2,67,854.8
PRD004,2025-05-10 13:57:36.235270,4,88,939.22
PRD004,2025-05-11 13:57:36.235270,3,59,1013.98
PRD004,2025-05-12 13:57:36.235270,5,80,900.42
PRD004,2025-05-13 13:57:36.235270,1,81,922.93
PRD004,2025-05-14 13:57:36.235270,5,39,908.2
PRD004,2025-05-15 13:57:36.235270,3,89,894.57
PRD004,2025-05-16 13:57:36.235270,3,62,871.38
PRD004,2025-05-17 13:57:36.235270,4,16,906.92
PRD004,2025-05-18 13:57:36.235270,5,45,946.32
PRD004,2025-05-19 13:57:36.235270,3,15,851.31
PRD004,2025-05-20 13:57:36.235270,2,62,1013.37
PRD004,2025-05-21 13:57:36.235270,2,86,853.24
PRD004,2025-05-22 13:57:36.235270,2,78,988.51
PRD005,2024-05-22 13:57:36.235270,3,94,477.42
PRD005,2024-05-23 13:57:36.235270,4,33,444.77
PRD005,2024-05-24 13:57:36.235270,7,41,428.82
PRD005,2024-05-25 13:57:36.235270,10,44,463.73
PRD005,2024-05-26 13:57:36.235270,9,69,452.29
PRD005,2024-05-27 13:57:36.235270,6,22,431.39
PRD005,2024-05-28 13:57:36.235270,5,85,394.32
PRD005,2024-05-29 13:57:36.235270,4,28,443.74
PRD005,2024-05-30 13:57:36.235270,9,32,467.42
PRD005,2024-05-31 13:57:36.235270,4,25,433.23
PRD005,2024-06-01 13:57:36.235270,10,86,410.8
PRD005,2024-06-02 13:57:36.235270,6,69,419.23
PRD005,2024-06-03 13:57:36.235270,4,28,428.73
PRD005,2024-06-04 13:57:36.235270,4,89,474.83
PRD005,2024-06-05 13:57:36.235270,3,28,421.25
PRD005,2024-06-06 13:57:36.235270,2,51,437.1
PRD005,2024-06-07 13:57:36.235270,2,98,404.21
PRD005,2024-06-08 13:57:36.235270,7,48,426.98
PRD005,2024-06-09 13:57:36.235270,5,27,418.37
PRD005,2024-06-10 13:57:36.235270,5,80,458.64
PRD005,2024-06-11 13:57:36.235270,6,80,459.27
PRD005,2024-06-12 13:57:36.235270,6,43,415.89
PRD005,2024-06-13 13:57:36.235270,6,71,436.65
PRD005,2024-06-14 13:57:36.235270,2,19,432.96
PRD005,2024-06-15 13:57:36.235270,7,15,430.47
PRD005,2024-06-16 13:57:36.235270,6,77,430.3
PRD005,2024-06-17 13:57:36.235270,2,94,407.89
PRD005,2024-06-18 13:57:36.235270,7,17,438.7
PRD005,2024-06-19 13:57:36.235270,5,22,476.36
PRD005,2024-06-20 13:57:36.235270,3,29,460.17
PRD005,2024-06-21 13:57:36.235270,5,28,418.03
PRD005,2024-06-22 13:57:36.235270,7,39,470.25
PRD005,2024-06-23 13:57:36.235270,7,34,428.29
PRD005,2024-06-24 13:57:36.235270,5,17,437.52
PRD005,2024-06-25 13:57:36.235270,7,26,425.73
PRD005,2024-06-26 13:57:36.235270,4,73,458.74
PRD005,2024-06-27 13:57:36.235270,6,23,405.37
PRD005,2024-06-28 13:57:36.235270,7,86,423.18
PRD005,2024-06-29 13:57:36.235270,10,66,442.74
PRD005,2024-06-30 13:57:36.235270,9,80,396.09
PRD005,2024-07-01 13:57:36.235270,7,18,413.94
PRD005,2024-07-02 13:57:36.235270,4,76,475.89
PRD005,2024-07-03 13:57:36.235270,6,61,393.89
PRD005,2024-07-04 13:57:36.235270,3,34,420.71
PRD005,2024-07-05 13:57:36.235270,2,80,419.6
PRD005,2024-07-06 13:57:36.235270,9,13,447.18
PRD005,2024-07-07 13:57:36.235270,6,32,436.55
PRD005,2024-07-08 13:57:36.235270,3,71,467.56
PRD005,2024-07-09 13:57:36.235270,5,67,469.04
PRD005,2024-07-10 13:57:36.235270,6,90,393.04
PRD005,2024-07-11 13:57:36.235270,3,31,436.32
PRD005,2024-07-12 13:57:36.235270,2,49,392.97
PRD005,2024-07-13 13:57:36.235270,9,62,422.16
PRD005,2024-07-14 13:57:36.235270,9,23,466.96
PRD005,2024-07-15 13:57:36.235270,7,61,436.28
PRD005,2024-07-16 13:57:36.235270,7,31,448.29
PRD005,2024-07-17 13:57:36.235270,6,25,461.4
PRD005,2024-07-18 13:57:36.235270,5,67,395.25
PRD005,2024-07-19 13:57:36.235270,2,27,417.59
PRD005,2024-07-20 13:57:36.235270,9,18,450.45
PRD005,2024-07-21 13:57:36.235270,7,44,397.56
PRD005,2024-07-22 13:57:36.235270,5,18,429.3
PRD005,2024-07-23 13:57:36.235270,3,72,429.38
PRD005,2024-07-24 13:57:36.235270,3,21,446.77
PRD005,2024-07-25 13:57:36.235270,5,19,435.92
PRD005,2024-07-26 13:57:36.235270,8,89,432.64
PRD005,2024-07-27 13:57:36.235270,11,45,432.07
PRD005,2024-07-28 13:57:36.235270,6,53,440.73
PRD005,2024-07-29 13:57:36.235270,9,57,432.99
PRD005,2024-07-30 13:57:36.235270,7,33,398.56
PRD005,2024-07-31 13:57:36.235270,8,51,404.74
PRD005,2024-08-01 13:57:36.235270,6,39,400.69
PRD005,2024-08-02 13:57:36.235270,7,23,456.95
PRD005,2024-08-03 13:57:36.235270,10,87,425.51
PRD005,2024-08-04 13:57:36.235270,6,58,401.46
PRD005,2024-08-05 13:57:36.235270,2,81,412.53
PRD005,2024-08-06 13:57:36.235270,6,46,472.01
PRD005,2024-08-07 13:57:36.235270,6,47,458.71
PRD005,2024-08-08 13:57:36.235270,3,45,452.47
PRD005,2024-08-09 13:57:36.235270,3,22,447.32
PRD005,2024-08-10 13:57:36.235270,7,56,464.21
PRD005,2024-08-11 13:57:36.235270,5,57,443.76
PRD005,2024-08-12 13:57:36.235270,5,55,462.16
PRD005,2024-08-13 13:57:36.235270,5,58,437.11
PRD005,2024-08-14 13:57:36.235270,7,36,398.18
PRD005,2024-08-15 13:57:36.235270,4,84,472.96
PRD005,2024-08-16 13:57:36.235270,6,30,466.9
PRD005,2024-08-17 13:57:36.235270,9,52,400.14
PRD005,2024-08-18 13:57:36.235270,7,72,473.09
PRD005,2024-08-19 13:57:36.235270,3,57,397.57
PRD005,2024-08-20 13:57:36.235270,5,94,405.12
PRD005,2024-08-21 13:57:36.235270,7,16,411.26
PRD005,2024-08-22 13:57:36.235270,7,22,439.83
PRD005,2024-08-23 13:57:36.235270,5,26,473.99
PRD005,2024-08-24 13:57:36.235270,7,42,441.76
PRD005,2024-08-25 13:57:36.235270,7,86,414.79
PRD005,2024-08-26 13:57:36.235270,7,35,462.91
PRD005,2024-08-27 13:57:36.235270,4,31,463.18
PRD005,2024-08-28 13:57:36.235270,5,85,438.02
PRD005,2024-08-29 13:57:36.235270,8,17,454.05
PRD005,2024-08-30 13:57:36.235270,8,24,435.94
PRD005,2024-08-31 13:57:36.235270,11,89,402.25
PRD005,2024-09-01 13:57:36.235270,6,92,415.07
PRD005,2024-09-02 13:57:36.235270,3,39,463.73
PRD005,2024-09-03 13:57:36.235270,4,27,472.43
PRD005,2024-09-04 13:57:36.235270,5,70,419.16
PRD005,2024-09-05 13:57:36.235270,5,16,476.5
PRD005,2024-09-06 13:57:36.235270,3,97,405.61
PRD005,2024-09-07 13:57:36.235270,4,42,432.8
PRD005,2024-09-08 13:57:36.235270,8,27,453.57
PRD005,2024-09-09 13:57:36.235270,4,73,439.4
PRD005,2024-09-10 13:57:36.235270,5,94,407.0
PRD005,2024-09-11 13:57:36.235270,6,85,431.47
PRD005,2024-09-12 13:57:36.235270,4,56,446.19
PRD005,2024-09-13 13:57:36.235270,7,27,406.86
PRD005,2024-09-14 13:57:36.235270,9,80,478.96
PRD005,2024-09-15 13:57:36.235270,8,39,477.59
PRD005,2024-09-16 13:57:36.235270,4,26,427.82
PRD005,2024-09-17 13:57:36.235270,3,20,447.49
PRD005,2024-09-18 13:57:36.235270,4,49,466.72
PRD005,2024-09-19 13:57:36.235270,6,23,440.94
PRD005,2024-09-20 13:57:36.235270,3,84,473.12
PRD005,2024-09-21 13:57:36.235270,6,87,416.3
PRD005,2024-09-22 13:57:36.235270,7,49,473.78
PRD005,2024-09-23 13:57:36.235270,3,55,431.24
PRD005,2024-09-24 13:57:36.235270,6,83,422.98
PRD005,2024-09-25 13:57:36.235270,6,19,420.23
PRD005,2024-09-26 13:57:36.235270,9,8,461.1
PRD005,2024-09-27 13:57:36.235270,5,15,436.21
PRD005,2024-09-28 13:57:36.235270,9,15,473.35
PRD005,2024-09-29 13:57:36.235270,9,77,441.31
PRD005,2024-09-30 13:57:36.235270,5,36,438.36
PRD005,2024-10-01 13:57:36.235270,6,50,470.48
PRD005,2024-10-02 13:57:36.235270,6,32,448.02
PRD005,2024-10-03 13:57:36.235270,6,67,460.93
PRD005,2024-10-04 13:57:36.235270,2,20,393.22
PRD005,2024-10-05 13:57:36.235270,4,46,470.14
PRD005,2024-10-06 13:57:36.235270,8,44,402.47
PRD005,2024-10-07 13:57:36.235270,5,45,440.7
PRD005,2024-10-08 13:57:36.235270,4,34,417.39
PRD005,2024-10-09 13:57:36.235270,4,34,431.46
PRD005,2024-10-10 13:57:36.235270,7,20,434.24
PRD005,2024-10-11 13:57:36.235270,7,42,479.39
PRD005,2024-10-12 13:57:36.235270,9,62,459.78
PRD005,2024-10-13 13:57:36.235270,7,51,429.4
PRD005,2024-10-14 13:57:36.235270,4,71,416.26
PRD005,2024-10-15 13:57:36.235270,7,64,440.13
PRD005,2024-10-16 13:57:36.235270,2,78,440.67
PRD005,2024-10-17 13:57:36.235270,3,69,450.32
PRD005,2024-10-18 13:57:36.235270,4,47,398.13
PRD005,2024-10-19 13:57:36.235270,6,61,433.08
PRD005,2024-10-20 13:57:36.235270,7,18,468.64
PRD005,2024-10-21 13:57:36.235270,2,33,404.58
PRD005,2024-10-22 13:57:36.235270,6,27,397.67
PRD005,2024-10-23 13:57:36.235270,6,25,468.61
PRD005,2024-10-24 13:57:36.235270,6,62,477.37
PRD005,2024-10-25 13:57:36.235270,5,80,398.29
PRD005,2024-10-26 13:57:36.235270,12,18,478.3
PRD005,2024-10-27 13:57:36.235270,9,62,415.34
PRD005,2024-10-28 13:57:36.235270,5,20,433.61
PRD005,2024-10-29 13:57:36.235270,5,17,434.71
PRD005,2024-10-30 13:57:36.235270,7,58,444.46
PRD005,2024-10-31 13:57:36.235270,9,65,451.33
PRD005,2024-11-01 13:57:36.235270,5,84,447.38
PRD005,2024-11-02 13:57:36.235270,6,23,431.33
PRD005,2024-11-03 13:57:36.235270,6,23,444.59
PRD005,2024-11-04 13:57:36.235270,7,21,447.55
PRD005,2024-11-05 13:57:36.235270,6,29,472.84
PRD005,2024-11-06 13:57:36.235270,3,82,440.58
PRD005,2024-11-07 13:57:36.235270,2,38,465.28
PRD005,2024-11-08 13:57:36.235270,7,21,461.32
PRD005,2024-11-09 13:57:36.235270,9,14,474.2
PRD005,2024-11-10 13:57:36.235270,8,46,463.51
PRD005,2024-11-11 13:57:36.235270,7,50,439.65
PRD005,2024-11-12 13:57:36.235270,3,72,449.79
PRD005,2024-11-13 13:57:36.235270,4,59,398.26
PRD005,2024-11-14 13:57:36.235270,5,42,429.53
PRD005,2024-11-15 13:57:36.235270,7,80,448.31
PRD005,2024-11-16 13:57:36.235270,6,56,396.25
PRD005,2024-11-17 13:57:36.235270,6,20,425.3
PRD005,2024-11-18 13:57:36.235270,6,43,479.64
PRD005,2024-11-19 13:57:36.235270,2,21,440.35
PRD005,2024-11-20 13:57:36.235270,3,89,420.36
PRD005,2024-11-21 13:57:36.235270,5,73,427.21
PRD005,2024-11-22 13:57:36.235270,6,90,433.28
PRD005,2024-11-23 13:57:36.235270,8,50,458.97
PRD005,2024-11-24 13:57:36.235270,9,76,458.2
PRD005,2024-11-25 13:57:36.235270,6,43,479.67
PRD005,2024-11-26 13:57:36.235270,6,43,458.2
PRD005,2024-11-27 13:57:36.235270,5,79,406.48
PRD005,2024-11-28 13:57:36.235270,5,24,428.24
PRD005,2024-11-29 13:57:36.235270,5,72,412.78
PRD005,2024-11-30 13:57:36.235270,9,80,407.97
PRD005,2024-12-01 13:57:36.235270,8,70,456.54
PRD005,2024-12-02 13:57:36.235270,4,86,424.44
PRD005,2024-12-03 13:57:36.235270,5,64,440.34
PRD005,2024-12-04 13:57:36.235270,6,74,401.59
PRD005,2024-12-05 13:57:36.235270,6,15,453.73
PRD005,2024-12-06 13:57:36.235270,5,33,435.11
PRD005,2024-12-07 13:57:36.235270,7,35,461.85
PRD005,2024-12-08 13:57:36.235270,9,34,459.33
PRD005,2024-12-09 13:57:36.235270,5,21,450.83
PRD005,2024-12-10 13:57:36.235270,2,21,398.67
PRD005,2024-12-11 13:57:36.235270,3,64,456.42
PRD005,2024-12-12 13:57:36.235270,2,47,453.48
PRD005,2024-12-13 13:57:36.235270,4,59,437.75
PRD005,2024-12-14 13:57:36.235270,7,34,423.86
PRD005,2024-12-15 13:57:36.235270,7,18,446.7
PRD005,2024-12-16 13:57:36.235270,6,76,471.26
PRD005,2024-12-17 13:57:36.235270,2,28,479.57
PRD005,2024-12-18 13:57:36.235270,5,71,461.25
PRD005,2024-12-19 13:57:36.235270,2,97,404.02
PRD005,2024-12-20 13:57:36.235270,3,74,402.19
PRD005,2024-12-21 13:57:36.235270,9,65,440.73
PRD005,2024-12-22 13:57:36.235270,9,32,420.1
PRD005,2024-12-23 13:57:36.235270,6,27,399.53
PRD005,2024-12-24 13:57:36.235270,6,55,403.52
PRD005,2024-12-25 13:57:36.235270,7,40,402.5
PRD005,2024-12-26 13:57:36.235270,4,47,427.95
PRD005,2024-12-27 13:57:36.235270,6,29,443.26
PRD005,2024-12-28 13:57:36.235270,13,31,403.16
PRD005,2024-12-29 13:57:36.235270,6,28,472.09
PRD005,2024-12-30 13:57:36.235270,7,79,448.32
PRD005,2024-12-31 13:57:36.235270,5,42,395.35
PRD005,2025-01-01 13:57:36.235270,4,18,447.58
PRD005,2025-01-02 13:57:36.235270,4,86,423.33
PRD005,2025-01-03 13:57:36.235270,5,36,416.77
PRD005,2025-01-04 13:57:36.235270,4,80,424.76
PRD005,2025-01-05 13:57:36.235270,9,61,439.85
PRD005,2025-01-06 13:57:36.235270,6,33,469.26
PRD005,2025-01-07 13:57:36.235270,5,27,418.34
PRD005,2025-01-08 13:57:36.235270,6,11,474.81
PRD005,2025-01-09 13:57:36.235270,5,90,398.47
PRD005,2025-01-10 13:57:36.235270,5,95,410.49
PRD005,2025-01-11 13:57:36.235270,9,28,393.91
PRD005,2025-01-12 13:57:36.235270,8,77,444.87
PRD005,2025-01-13 13:57:36.235270,6,15,402.82
PRD005,2025-01-14 13:57:36.235270,3,64,413.06
PRD005,2025-01-15 13:57:36.235270,5,20,398.06
PRD005,2025-01-16 13:57:36.235270,6,83,451.69
PRD005,2025-01-17 13:57:36.235270,4,67,427.16
PRD005,2025-01-18 13:57:36.235270,6,45,424.91
PRD005,2025-01-19 13:57:36.235270,4,34,450.57
PRD005,2025-01-20 13:57:36.235270,2,66,453.89
PRD005,2025-01-21 13:57:36.235270,4,50,458.09
PRD005,2025-01-22 13:57:36.235270,5,36,474.53
PRD005,2025-01-23 13:57:36.235270,2,58,446.83
PRD005,2025-01-24 13:57:36.235270,2,61,463.78
PRD005,2025-01-25 13:57:36.235270,11,11,395.7
PRD005,2025-01-26 13:57:36.235270,11,52,429.49
PRD005,2025-01-27 13:57:36.235270,7,13,393.76
PRD005,2025-01-28 13:57:36.235270,6,14,404.21
PRD005,2025-01-29 13:57:36.235270,4,57,428.7
PRD005,2025-01-30 13:57:36.235270,7,17,414.35
PRD005,2025-01-31 13:57:36.235270,4,39,414.33
PRD005,2025-02-01 13:57:36.235270,9,68,432.25
PRD005,2025-02-02 13:57:36.235270,10,27,417.1
PRD005,2025-02-03 13:57:36.235270,7,28,393.05
PRD005,2025-02-04 13:57:36.235270,4,20,401.85
PRD005,2025-02-05 13:57:36.235270,3,34,396.16
PRD005,2025-02-06 13:57:36.235270,3,24,432.23
PRD005,2025-02-07 13:57:36.235270,6,60,476.37
PRD005,2025-02-08 13:57:36.235270,7,23,458.9
PRD005,2025-02-09 13:57:36.235270,6,58,426.91
PRD005,2025-02-10 13:57:36.235270,4,56,422.2
PRD005,2025-02-11 13:57:36.235270,6,21,408.81
PRD005,2025-02-12 13:57:36.235270,4,21,422.09
PRD005,2025-02-13 13:57:36.235270,7,21,393.47
PRD005,2025-02-14 13:57:36.235270,3,96,419.17
PRD005,2025-02-15 13:57:36.235270,9,77,417.25
PRD005,2025-02-16 13:57:36.235270,7,23,422.46
PRD005,2025-02-17 13:57:36.235270,6,57,449.01
PRD005,2025-02-18 13:57:36.235270,6,72,405.82
PRD005,2025-02-19 13:57:36.235270,5,61,424.88
PRD005,2025-02-20 13:57:36.235270,3,35,417.01
PRD005,2025-02-21 13:57:36.235270,3,96,393.53
PRD005,2025-02-22 13:57:36.235270,6,39,474.11
PRD005,2025-02-23 13:57:36.235270,7,77,470.88
PRD005,2025-02-24 13:57:36.235270,7,40,447.06
PRD005,2025-02-25 13:57:36.235270,9,24,416.13
PRD005,2025-02-26 13:57:36.235270,3,82,430.08
PRD005,2025-02-27 13:57:36.235270,7,51,440.78
PRD005,2025-02-28 13:57:36.235270,7,87,423.47
PRD005,2025-03-01 13:57:36.235270,10,18,404.74
PRD005,2025-03-02 13:57:36.235270,6,71,450.65
PRD005,2025-03-03 13:57:36.235270,3,82,479.6
PRD005,2025-03-04 13:57:36.235270,5,29,433.21
PRD005,2025-03-05 13:57:36.235270,6,60,437.4
PRD005,2025-03-06 13:57:36.235270,2,95,455.11
PRD005,2025-03-07 13:57:36.235270,4,77,478.29
PRD005,2025-03-08 13:57:36.235270,6,85,398.93
PRD005,2025-03-09 13:57:36.235270,7,33,394.79
PRD005,2025-03-10 13:57:36.235270,2,25,410.95
PRD005,2025-03-11 13:57:36.235270,4,20,437.66
PRD005,2025-03-12 13:57:36.235270,5,69,432.56
PRD005,2025-03-13 13:57:36.235270,2,80,449.54
PRD005,2025-03-14 13:57:36.235270,3,74,432.07
PRD005,2025-03-15 13:57:36.235270,10,35,463.98
PRD005,2025-03-16 13:57:36.235270,7,63,473.74
PRD005,2025-03-17 13:57:36.235270,6,55,394.56
PRD005,2025-03-18 13:57:36.235270,3,55,415.71
PRD005,2025-03-19 13:57:36.235270,7,46,447.45
PRD005,2025-03-20 13:57:36.235270,3,95,439.78
PRD005,2025-03-21 13:57:36.235270,5,15,459.73
PRD005,2025-03-22 13:57:36.235270,8,68,471.16
PRD005,2025-03-23 13:57:36.235270,5,23,446.69
PRD005,2025-03-24 13:57:36.235270,3,53,422.25
PRD005,2025-03-25 13:57:36.235270,4,35,399.35
PRD005,2025-03-26 13:57:36.235270,7,31,406.45
PRD005,2025-03-27 13:57:36.235270,5,26,407.08
PRD005,2025-03-28 13:57:36.235270,7,37,464.16
PRD005,2025-03-29 13:57:36.235270,10,25,463.83
PRD005,2025-03-30 13:57:36.235270,9,79,408.52
PRD005,2025-03-31 13:57:36.235270,5,78,428.66
PRD005,2025-04-01 13:57:36.235270,3,22,428.86
PRD005,2025-04-02 13:57:36.235270,7,42,470.25
PRD005,2025-04-03 13:57:36.235270,2,68,448.68
PRD005,2025-04-04 13:57:36.235270,5,92,422.26
PRD005,2025-04-05 13:57:36.235270,9,63,468.02
PRD005,2025-04-06 13:57:36.235270,5,29,479.5
PRD005,2025-04-07 13:57:36.235270,7,40,447.21
PRD005,2025-04-08 13:57:36.235270,6,73,459.04
PRD005,2025-04-09 13:57:36.235270,5,47,441.74
PRD005,2025-04-10 13:57:36.235270,4,93,468.69
PRD005,2025-04-11 13:57:36.235270,3,32,426.83
PRD005,2025-04-12 13:57:36.235270,5,56,472.21
PRD005,2025-04-13 13:57:36.235270,5,91,395.91
PRD005,2025-04-14 13:57:36.235270,5,55,414.13
PRD005,2025-04-15 13:57:36.235270,3,66,430.24
PRD005,2025-04-16 13:57:36.235270,7,74,459.06
PRD005,2025-04-17 13:57:36.235270,6,65,410.6
PRD005,2025-04-18 13:57:36.235270,5,82,400.8
PRD005,2025-04-19 13:57:36.235270,7,61,397.77
PRD005,2025-04-20 13:57:36.235270,7,23,442.5
PRD005,2025-04-21 13:57:36.235270,3,92,451.65
PRD005,2025-04-22 13:57:36.235270,3,44,405.35
PRD005,2025-04-23 13:57:36.235270,5,38,415.49
PRD005,2025-04-24 13:57:36.235270,4,52,463.99
PRD005,2025-04-25 13:57:36.235270,4,33,449.93
PRD005,2025-04-26 13:57:36.235270,6,32,407.48
PRD005,2025-04-27 13:57:36.235270,11,83,409.01
PRD005,2025-04-28 13:57:36.235270,7,18,422.71
PRD005,2025-04-29 13:57:36.235270,8,58,397.42
PRD005,2025-04-30 13:57:36.235270,9,33,446.44
PRD005,2025-05-01 13:57:36.235270,3,27,399.74
PRD005,2025-05-02 13:57:36.235270,7,47,434.2
PRD005,2025-05-03 13:57:36.235270,7,30,411.62
PRD005,2025-05-04 13:57:36.235270,7,18,406.83
PRD005,2025-05-05 13:57:36.235270,7,74,452.95
PRD005,2025-05-06 13:57:36.235270,3,50,422.9
PRD005,2025-05-07 13:57:36.235270,6,27,426.21
PRD005,2025-05-08 13:57:36.235270,6,87,453.32
PRD005,2025-05-09 13:57:36.235270,3,87,441.04
PRD005,2025-05-10 13:57:36.235270,8,37,424.03
PRD005,2025-05-11 13:57:36.235270,6,64,479.55
PRD005,2025-05-12 13:57:36.235270,3,22,397.73
PRD005,2025-05-13 13:57:36.235270,3,63,435.03
PRD005,2025-05-14 13:57:36.235270,4,29,409.71
PRD005,2025-05-15 13:57:36.235270,4,24,457.2
PRD005,2025-05-16 13:57:36.235270,4,47,436.89
PRD005,2025-05-17 13:57:36.235270,6,20,430.19
PRD005,2025-05-18 13:57:36.235270,4,26,413.01
PRD005,2025-05-19 13:57:36.235270,2,36,422.67
PRD005,2025-05-20 13:57:36.235270,3,21,419.2
PRD005,2025-05-21 13:57:36.235270,2,89,474.4
PRD005,2025-05-22 13:57:36.235270,5,19,457.63
PRD006,2024-05-22 13:57:36.235270,9,42,176.42
PRD006,2024-05-23 13:57:36.235270,11,12,160.35
PRD006,2024-05-24 13:57:36.235270,10,71,179.92
PRD006,2024-05-25 13:57:36.235270,21,41,183.72
PRD006,2024-05-26 13:57:36.235270,15,81,155.3
PRD006,2024-05-27 13:57:36.235270,12,54,173.3
PRD006,2024-05-28 13:57:36.235270,13,83,177.77
PRD006,2024-05-29 13:57:36.235270,7,68,154.51
PRD006,2024-05-30 13:57:36.235270,11,8,162.26
PRD006,2024-05-31 13:57:36.235270,12,72,169.87
PRD006,2024-06-01 13:57:36.235270,12,45,176.18
PRD006,2024-06-02 13:57:36.235270,17,75,176.8
PRD006,2024-06-03 13:57:36.235270,6,77,179.54
PRD006,2024-06-04 13:57:36.235270,8,56,180.14
PRD006,2024-06-05 13:57:36.235270,7,23,181.6
PRD006,2024-06-06 13:57:36.235270,6,54,152.76
PRD006,2024-06-07 13:57:36.235270,8,56,161.29
PRD006,2024-06-08 13:57:36.235270,16,25,182.59
PRD006,2024-06-09 13:57:36.235270,18,60,181.07
PRD006,2024-06-10 13:57:36.235270,6,82,160.07
PRD006,2024-06-11 13:57:36.235270,8,22,177.66
PRD006,2024-06-12 13:57:36.235270,10,37,182.43
PRD006,2024-06-13 13:57:36.235270,7,26,170.99
PRD006,2024-06-14 13:57:36.235270,9,47,163.05
PRD006,2024-06-15 13:57:36.235270,17,25,152.74
PRD006,2024-06-16 13:57:36.235270,8,12,152.29
PRD006,2024-06-17 13:57:36.235270,8,44,155.49
PRD006,2024-06-18 13:57:36.235270,9,15,162.0
PRD006,2024-06-19 13:57:36.235270,9,37,182.79
PRD006,2024-06-20 13:57:36.235270,8,71,179.3
PRD006,2024-06-21 13:57:36.235270,9,47,156.78
PRD006,2024-06-22 13:57:36.235270,14,18,163.29
PRD006,2024-06-23 13:57:36.235270,14,20,161.59
PRD006,2024-06-24 13:57:36.235270,8,87,159.25
PRD006,2024-06-25 13:57:36.235270,10,66,154.74
PRD006,2024-06-26 13:57:36.235270,12,19,158.97
PRD006,2024-06-27 13:57:36.235270,10,32,151.92
PRD006,2024-06-28 13:57:36.235270,10,67,169.81
PRD006,2024-06-29 13:57:36.235270,17,34,154.87
PRD006,2024-06-30 13:57:36.235270,19,5,152.81
PRD006,2024-07-01 13:57:36.235270,7,33,162.52
PRD006,2024-07-02 13:57:36.235270,6,65,180.48
PRD006,2024-07-03 13:57:36.235270,9,9,172.33
PRD006,2024-07-04 13:57:36.235270,8,53,177.08
PRD006,2024-07-05 13:57:36.235270,9,85,181.01
PRD006,2024-07-06 13:57:36.235270,14,70,153.02
PRD006,2024-07-07 13:57:36.235270,14,12,183.06
PRD006,2024-07-08 13:57:36.235270,9,35,153.07
PRD006,2024-07-09 13:57:36.235270,7,65,172.53
PRD006,2024-07-10 13:57:36.235270,11,12,153.37
PRD006,2024-07-11 13:57:36.235270,9,11,168.31
PRD006,2024-07-12 13:57:36.235270,9,26,154.17
PRD006,2024-07-13 13:57:36.235270,14,56,152.65
PRD006,2024-07-14 13:57:36.235270,12,51,160.88
PRD006,2024-07-15 13:57:36.235270,8,29,166.21
PRD006,2024-07-16 13:57:36.235270,11,37,175.36
PRD006,2024-07-17 13:57:36.235270,7,78,165.86
PRD006,2024-07-18 13:57:36.235270,10,12,182.81
PRD006,2024-07-19 13:57:36.235270,6,69,151.59
PRD006,2024-07-20 13:57:36.235270,13,13,155.75
PRD006,2024-07-21 13:57:36.235270,15,21,158.07
PRD006,2024-07-22 13:57:36.235270,8,18,158.92
PRD006,2024-07-23 13:57:36.235270,7,13,152.45
PRD006,2024-07-24 13:57:36.235270,9,69,175.49
PRD006,2024-07-25 13:57:36.235270,11,41,172.99
PRD006,2024-07-26 13:57:36.235270,11,31,154.79
PRD006,2024-07-27 13:57:36.235270,21,46,182.6
PRD006,2024-07-28 13:57:36.235270,14,51,182.01
PRD006,2024-07-29 13:57:36.235270,11,21,164.07
PRD006,2024-07-30 13:57:36.235270,15,51,178.92
PRD006,2024-07-31 13:57:36.235270,13,8,181.97
PRD006,2024-08-01 13:57:36.235270,11,47,169.79
PRD006,2024-08-02 13:57:36.235270,7,24,169.34
PRD006,2024-08-03 13:57:36.235270,11,17,182.38
PRD006,2024-08-04 13:57:36.235270,14,10,163.08
PRD006,2024-08-05 13:57:36.235270,10,49,155.07
PRD006,2024-08-06 13:57:36.235270,7,22,156.02
PRD006,2024-08-07 13:57:36.235270,10,38,182.12
PRD006,2024-08-08 13:57:36.235270,10,51,176.47
PRD006,2024-08-09 13:57:36.235270,5,25,154.1
PRD006,2024-08-10 13:57:36.235270,13,29,172.25
PRD006,2024-08-11 13:57:36.235270,10,66,183.01
PRD006,2024-08-12 13:57:36.235270,11,39,155.68
PRD006,2024-08-13 13:57:36.235270,7,68,177.13
PRD006,2024-08-14 13:57:36.235270,10,55,173.86
PRD006,2024-08-15 13:57:36.235270,6,90,152.62
PRD006,2024-08-16 13:57:36.235270,7,25,169.2
PRD006,2024-08-17 13:57:36.235270,15,79,176.33
PRD006,2024-08-18 13:57:36.235270,18,0,175.69
PRD006,2024-08-19 13:57:36.235270,10,60,182.87
PRD006,2024-08-20 13:57:36.235270,10,83,155.07
PRD006,2024-08-21 13:57:36.235270,7,82,165.08
PRD006,2024-08-22 13:57:36.235270,10,20,174.3
PRD006,2024-08-23 13:57:36.235270,10,59,161.54
PRD006,2024-08-24 13:57:36.235270,11,57,158.13
PRD006,2024-08-25 13:57:36.235270,18,6,178.1
PRD006,2024-08-26 13:57:36.235270,10,48,166.79
PRD006,2024-08-27 13:57:36.235270,9,40,175.09
PRD006,2024-08-28 13:57:36.235270,8,77,167.91
PRD006,2024-08-29 13:57:36.235270,14,23,168.14
PRD006,2024-08-30 13:57:36.235270,13,41,171.37
PRD006,2024-08-31 13:57:36.235270,18,15,152.07
PRD006,2024-09-01 13:57:36.235270,16,17,171.49
PRD006,2024-09-02 13:57:36.235270,8,89,155.39
PRD006,2024-09-03 13:57:36.235270,8,27,170.32
PRD006,2024-09-04 13:57:36.235270,7,61,154.48
PRD006,2024-09-05 13:57:36.235270,9,21,178.44
PRD006,2024-09-06 13:57:36.235270,7,40,155.76
PRD006,2024-09-07 13:57:36.235270,14,7,174.41
PRD006,2024-09-08 13:57:36.235270,14,67,162.14
PRD006,2024-09-09 13:57:36.235270,8,9,155.86
PRD006,2024-09-10 13:57:36.235270,9,11,170.76
PRD006,2024-09-11 13:57:36.235270,7,55,152.87
PRD006,2024-09-12 13:57:36.235270,8,21,153.0
PRD006,2024-09-13 13:57:36.235270,9,18,182.54
PRD006,2024-09-14 13:57:36.235270,16,60,164.16
PRD006,2024-09-15 13:57:36.235270,13,15,153.06
PRD006,2024-09-16 13:57:36.235270,8,24,175.57
PRD006,2024-09-17 13:57:36.235270,6,24,176.6
PRD006,2024-09-18 13:57:36.235270,10,67,182.81
PRD006,2024-09-19 13:57:36.235270,9,28,176.27
PRD006,2024-09-20 13:57:36.235270,8,30,151.2
PRD006,2024-09-21 13:57:36.235270,11,28,154.99
PRD006,2024-09-22 13:57:36.235270,15,29,175.53
PRD006,2024-09-23 13:57:36.235270,9,14,167.9
PRD006,2024-09-24 13:57:36.235270,10,76,166.72
PRD006,2024-09-25 13:57:36.235270,12,27,159.62
PRD006,2024-09-26 13:57:36.235270,9,58,179.3
PRD006,2024-09-27 13:57:36.235270,11,54,153.21
PRD006,2024-09-28 13:57:36.235270,18,47,153.24
PRD006,2024-09-29 13:57:36.235270,17,61,169.99
PRD006,2024-09-30 13:57:36.235270,10,88,152.68
PRD006,2024-10-01 13:57:36.235270,9,66,179.08
PRD006,2024-10-02 13:57:36.235270,5,25,169.1
PRD006,2024-10-03 13:57:36.235270,5,19,159.74
PRD006,2024-10-04 13:57:36.235270,8,90,175.83
PRD006,2024-10-05 13:57:36.235270,11,21,168.11
PRD006,2024-10-06 13:57:36.235270,11,24,165.7
PRD006,2024-10-07 13:57:36.235270,8,60,154.42
PRD006,2024-10-08 13:57:36.235270,5,80,181.25
PRD006,2024-10-09 13:57:36.235270,9,76,162.08
PRD006,2024-10-10 13:57:36.235270,7,37,151.59
PRD006,2024-10-11 13:57:36.235270,9,91,169.75
PRD006,2024-10-12 13:57:36.235270,13,52,180.85
PRD006,2024-10-13 13:57:36.235270,15,38,182.62
PRD006,2024-10-14 13:57:36.235270,8,85,177.62
PRD006,2024-10-15 13:57:36.235270,6,55,169.74
PRD006,2024-10-16 13:57:36.235270,10,53,183.43
PRD006,2024-10-17 13:57:36.235270,7,78,174.58
PRD006,2024-10-18 13:57:36.235270,10,61,157.96
PRD006,2024-10-19 13:57:36.235270,14,16,160.95
PRD006,2024-10-20 13:57:36.235270,11,21,163.66
PRD006,2024-10-21 13:57:36.235270,6,26,175.75
PRD006,2024-10-22 13:57:36.235270,9,20,173.57
PRD006,2024-10-23 13:57:36.235270,7,41,176.59
PRD006,2024-10-24 13:57:36.235270,10,23,173.01
PRD006,2024-10-25 13:57:36.235270,12,11,175.88
PRD006,2024-10-26 13:57:36.235270,18,61,166.43
PRD006,2024-10-27 13:57:36.235270,19,54,176.16
PRD006,2024-10-28 13:57:36.235270,9,17,164.26
PRD006,2024-10-29 13:57:36.235270,12,27,178.04
PRD006,2024-10-30 13:57:36.235270,12,60,153.21
PRD006,2024-10-31 13:57:36.235270,8,14,174.65
PRD006,2024-11-01 13:57:36.235270,8,83,179.71
PRD006,2024-11-02 13:57:36.235270,14,42,180.19
PRD006,2024-11-03 13:57:36.235270,12,21,170.4
PRD006,2024-11-04 13:57:36.235270,6,47,151.22
PRD006,2024-11-05 13:57:36.235270,8,62,162.23
PRD006,2024-11-06 13:57:36.235270,8,69,169.21
PRD006,2024-11-07 13:57:36.235270,9,18,157.79
PRD006,2024-11-08 13:57:36.235270,7,15,163.61
PRD006,2024-11-09 13:57:36.235270,10,11,157.51
PRD006,2024-11-10 13:57:36.235270,11,25,161.22
PRD006,2024-11-11 13:57:36.235270,7,29,155.8
PRD006,2024-11-12 13:57:36.235270,11,29,175.17
PRD006,2024-11-13 13:57:36.235270,9,29,179.22
PRD006,2024-11-14 13:57:36.235270,9,39,158.51
PRD006,2024-11-15 13:57:36.235270,7,23,155.77
PRD006,2024-11-16 13:57:36.235270,11,48,169.83
PRD006,2024-11-17 13:57:36.235270,13,40,162.56
PRD006,2024-11-18 13:57:36.235270,9,89,152.44
PRD006,2024-11-19 13:57:36.235270,11,45,152.0
PRD006,2024-11-20 13:57:36.235270,10,59,167.74
PRD006,2024-11-21 13:57:36.235270,7,24,152.53
PRD006,2024-11-22 13:57:36.235270,10,30,174.93
PRD006,2024-11-23 13:57:36.235270,13,16,156.53
PRD006,2024-11-24 13:57:36.235270,15,3,171.79
PRD006,2024-11-25 13:57:36.235270,14,86,168.89
PRD006,2024-11-26 13:57:36.235270,11,17,178.59
PRD006,2024-11-27 13:57:36.235270,12,85,157.11
PRD006,2024-11-28 13:57:36.235270,9,82,179.85
PRD006,2024-11-29 13:57:36.235270,10,8,182.45
PRD006,2024-11-30 13:57:36.235270,20,9,172.16
PRD006,2024-12-01 13:57:36.235270,10,52,156.06
PRD006,2024-12-02 13:57:36.235270,11,52,160.08
PRD006,2024-12-03 13:57:36.235270,11,56,166.95
PRD006,2024-12-04 13:57:36.235270,8,11,178.71
PRD006,2024-12-05 13:57:36.235270,9,48,161.33
PRD006,2024-12-06 13:57:36.235270,10,11,155.34
PRD006,2024-12-07 13:57:36.235270,12,78,178.24
PRD006,2024-12-08 13:57:36.235270,14,62,175.98
PRD006,2024-12-09 13:57:36.235270,8,32,154.25
PRD006,2024-12-10 13:57:36.235270,7,84,172.35
PRD006,2024-12-11 13:57:36.235270,10,85,168.27
PRD006,2024-12-12 13:57:36.235270,10,59,181.61
PRD006,2024-12-13 13:57:36.235270,8,38,181.68
PRD006,2024-12-14 13:57:36.235270,11,13,170.36
PRD006,2024-12-15 13:57:36.235270,12,21,178.81
PRD006,2024-12-16 13:57:36.235270,11,44,166.8
PRD006,2024-12-17 13:57:36.235270,9,89,161.99
PRD006,2024-12-18 13:57:36.235270,7,18,156.95
PRD006,2024-12-19 13:57:36.235270,10,58,155.7
PRD006,2024-12-20 13:57:36.235270,7,70,157.15
PRD006,2024-12-21 13:57:36.235270,15,25,166.28
PRD006,2024-12-22 13:57:36.235270,11,52,160.77
PRD006,2024-12-23 13:57:36.235270,7,33,153.75
PRD006,2024-12-24 13:57:36.235270,11,41,173.4
PRD006,2024-12-25 13:57:36.235270,12,25,171.59
PRD006,2024-12-26 13:57:36.235270,13,30,161.41
PRD006,2024-12-27 13:57:36.235270,14,30,155.39
PRD006,2024-12-28 13:57:36.235270,15,10,183.63
PRD006,2024-12-29 13:57:36.235270,22,66,170.54
PRD006,2024-12-30 13:57:36.235270,10,84,151.2
PRD006,2024-12-31 13:57:36.235270,11,78,166.86
PRD006,2025-01-01 13:57:36.235270,9,30,171.24
PRD006,2025-01-02 13:57:36.235270,12,17,178.92
PRD006,2025-01-03 13:57:36.235270,8,43,158.61
PRD006,2025-01-04 13:57:36.235270,14,55,171.3
PRD006,2025-01-05 13:57:36.235270,15,8,152.85
PRD006,2025-01-06 13:57:36.235270,10,21,184.32
PRD006,2025-01-07 13:57:36.235270,12,70,166.43
PRD006,2025-01-08 13:57:36.235270,8,31,171.44
PRD006,2025-01-09 13:57:36.235270,10,89,164.38
PRD006,2025-01-10 13:57:36.235270,9,39,183.49
PRD006,2025-01-11 13:57:36.235270,10,44,169.8
PRD006,2025-01-12 13:57:36.235270,10,33,177.18
PRD006,2025-01-13 13:57:36.235270,8,84,174.39
PRD006,2025-01-14 13:57:36.235270,8,31,169.05
PRD006,2025-01-15 13:57:36.235270,9,87,170.25
PRD006,2025-01-16 13:57:36.235270,9,90,162.43
PRD006,2025-01-17 13:57:36.235270,11,27,174.84
PRD006,2025-01-18 13:57:36.235270,16,36,164.99
PRD006,2025-01-19 13:57:36.235270,15,35,165.22
PRD006,2025-01-20 13:57:36.235270,10,29,166.54
PRD006,2025-01-21 13:57:36.235270,11,12,172.23
PRD006,2025-01-22 13:57:36.235270,10,14,162.09
PRD006,2025-01-23 13:57:36.235270,7,54,153.89
PRD006,2025-01-24 13:57:36.235270,8,17,166.51
PRD006,2025-01-25 13:57:36.235270,16,8,155.02
PRD006,2025-01-26 13:57:36.235270,20,57,153.28
PRD006,2025-01-27 13:57:36.235270,12,48,167.47
PRD006,2025-01-28 13:57:36.235270,10,15,171.31
PRD006,2025-01-29 13:57:36.235270,14,56,153.97
PRD006,2025-01-30 13:57:36.235270,14,10,182.07
PRD006,2025-01-31 13:57:36.235270,11,61,153.47
PRD006,2025-02-01 13:57:36.235270,13,12,165.13
PRD006,2025-02-02 13:57:36.235270,13,10,181.6
PRD006,2025-02-03 13:57:36.235270,8,79,162.62
PRD006,2025-02-04 13:57:36.235270,11,78,166.15
PRD006,2025-02-05 13:57:36.235270,7,12,170.16
PRD006,2025-02-06 13:57:36.235270,7,74,179.35
PRD006,2025-02-07 13:57:36.235270,6,88,158.72
PRD006,2025-02-08 13:57:36.235270,13,46,179.23
PRD006,2025-02-09 13:57:36.235270,11,32,159.77
PRD006,2025-02-10 13:57:36.235270,8,85,181.31
PRD006,2025-02-11 13:57:36.235270,7,74,172.85
PRD006,2025-02-12 13:57:36.235270,10,11,169.74
PRD006,2025-02-13 13:57:36.235270,10,69,183.69
PRD006,2025-02-14 13:57:36.235270,10,60,173.57
PRD006,2025-02-15 13:57:36.235270,15,27,152.25
PRD006,2025-02-16 13:57:36.235270,16,80,173.1
PRD006,2025-02-17 13:57:36.235270,10,36,181.62
PRD006,2025-02-18 13:57:36.235270,9,55,165.84
PRD006,2025-02-19 13:57:36.235270,7,76,163.92
PRD006,2025-02-20 13:57:36.235270,10,55,167.7
PRD006,2025-02-21 13:57:36.235270,11,43,167.92
PRD006,2025-02-22 13:57:36.235270,13,17,171.76
PRD006,2025-02-23 13:57:36.235270,14,29,180.3
PRD006,2025-02-24 13:57:36.235270,5,24,162.14
PRD006,2025-02-25 13:57:36.235270,8,31,152.0
PRD006,2025-02-26 13:57:36.235270,12,33,154.33
PRD006,2025-02-27 13:57:36.235270,9,13,182.48
PRD006,2025-02-28 13:57:36.235270,13,60,161.12
PRD006,2025-03-01 13:57:36.235270,13,87,153.04
PRD006,2025-03-02 13:57:36.235270,11,54,163.98
PRD006,2025-03-03 13:57:36.235270,6,40,176.79
PRD006,2025-03-04 13:57:36.235270,11,86,176.5
PRD006,2025-03-05 13:57:36.235270,7,30,170.64
PRD006,2025-03-06 13:57:36.235270,11,68,174.28
PRD006,2025-03-07 13:57:36.235270,10,32,163.51
PRD006,2025-03-08 13:57:36.235270,13,23,179.81
PRD006,2025-03-09 13:57:36.235270,10,10,157.39
PRD006,2025-03-10 13:57:36.235270,6,94,172.17
PRD006,2025-03-11 13:57:36.235270,12,86,179.88
PRD006,2025-03-12 13:57:36.235270,12,83,155.63
PRD006,2025-03-13 13:57:36.235270,10,11,181.46
PRD006,2025-03-14 13:57:36.235270,5,54,155.69
PRD006,2025-03-15 13:57:36.235270,10,21,175.0
PRD006,2025-03-16 13:57:36.235270,13,11,154.05
PRD006,2025-03-17 13:57:36.235270,8,71,170.37
PRD006,2025-03-18 13:57:36.235270,11,68,173.93
PRD006,2025-03-19 13:57:36.235270,11,61,151.86
PRD006,2025-03-20 13:57:36.235270,11,12,163.71
PRD006,2025-03-21 13:57:36.235270,5,41,161.01
PRD006,2025-03-22 13:57:36.235270,13,22,178.31
PRD006,2025-03-23 13:57:36.235270,15,49,158.68
PRD006,2025-03-24 13:57:36.235270,8,81,165.65
PRD006,2025-03-25 13:57:36.235270,10,26,162.63
PRD006,2025-03-26 13:57:36.235270,7,64,159.6
PRD006,2025-03-27 13:57:36.235270,14,76,164.19
PRD006,2025-03-28 13:57:36.235270,14,13,159.29
PRD006,2025-03-29 13:57:36.235270,22,14,166.62
PRD006,2025-03-30 13:57:36.235270,18,5,152.17
PRD006,2025-03-31 13:57:36.235270,15,84,161.73
PRD006,2025-04-01 13:57:36.235270,11,85,153.46
PRD006,2025-04-02 13:57:36.235270,5,15,167.04
PRD006,2025-04-03 13:57:36.235270,7,23,155.88
PRD006,2025-04-04 13:57:36.235270,11,51,169.76
PRD006,2025-04-05 13:57:36.235270,16,28,169.45
PRD006,2025-04-06 13:57:36.235270,13,59,153.54
PRD006,2025-04-07 13:57:36.235270,10,50,165.75
PRD006,2025-04-08 13:57:36.235270,7,85,161.22
PRD006,2025-04-09 13:57:36.235270,6,49,181.44
PRD006,2025-04-10 13:57:36.235270,5,23,155.0
PRD006,2025-04-11 13:57:36.235270,12,22,155.8
PRD006,2025-04-12 13:57:36.235270,10,24,183.56
PRD006,2025-04-13 13:57:36.235270,15,53,163.69
PRD006,2025-04-14 13:57:36.235270,9,33,156.46
PRD006,2025-04-15 13:57:36.235270,11,88,176.41
PRD006,2025-04-16 13:57:36.235270,11,12,180.29
PRD006,2025-04-17 13:57:36.235270,9,90,165.64
PRD006,2025-04-18 13:57:36.235270,6,82,175.62
PRD006,2025-04-19 13:57:36.235270,14,9,171.95
PRD006,2025-04-20 13:57:36.235270,14,32,162.46
PRD006,2025-04-21 13:57:36.235270,8,56,182.53
PRD006,2025-04-22 13:57:36.235270,11,80,170.15
PRD006,2025-04-23 13:57:36.235270,8,15,157.83
PRD006,2025-04-24 13:57:36.235270,9,55,158.85
PRD006,2025-04-25 13:57:36.235270,14,17,170.05
